
@article{coppola2007asynchrony,
  title={Asynchrony of ventricular activation affects magnitude and timing of fiber stretch in late-activated regions of the canine heart},
  author={Coppola, Benjamin A and Covell, James W and McCulloch, Andrew D and Omens, Jeffrey H},
  journal={American Journal of Physiology-Heart and Circulatory Physiology},
  volume={293},
  number={1},
  pages={H754--H761},
  year={2007},
  publisher={Am Physiological Soc}
}

@article{liu1982representations,
  title={On representations of anisotropic invariants},
  author={Liu, I and others},
  journal={International Journal of Engineering Science},
  volume={20},
  number={10},
  pages={1099--1109},
  year={1982},
  publisher={Elsevier}
}

@article{arnold1984stable,
  title={A stable finite element for the Stokes equations},
  author={Arnold, Douglas N and Brezzi, Franco and Fortin, Michel},
  journal={Calcolo},
  volume={21},
  number={4},
  pages={337--344},
  year={1984},
  publisher={Springer}
}

@article{taylor1973numerical,
  title={A numerical solution of the Navier-Stokes equations using the finite element technique},
  author={Taylor, Cedric and Hood, P},
  journal={Computers \& Fluids},
  volume={1},
  number={1},
  pages={73--100},
  year={1973},
  publisher={Elsevier}
}

@article{palit2016passive,
  title={Passive diastolic modelling of human ventricles: effects of base movement and geometrical heterogeneity},
  author={Palit, Arnab and Franciosa, Pasquale and Bhudia, Sunil K and Arvanitis, Theodoros N and Turley, Glen A and Williams, Mark A},
  journal={Journal of Biomechanics},
  year={2016},
  publisher={Elsevier}
}

@article{chapelle1993inf,
  title={The inf-sup test},
  author={Chapelle, Dominique and Bathe, Klaus-J{\"u}rgen},
  journal={Computers \& structures},
  volume=47,
  number={4-5},
  pages={537--545},
  year=1993,
  publisher={Elsevier}
}


@article{hunter2010vision,
  title={A vision and strategy for the virtual physiological human in 2010 and beyond},
  author={Hunter, Peter and Coveney, Peter V and de Bono, Bernard and Diaz, Vanessa and Fenner, John and Frangi, Alejandro F and Harris, Peter and Hose, Rod and Kohl, Peter and Lawford, Pat and others},
  journal={Philosophical Transactions of the Royal Society of London A: Mathematical, Physical and Engineering Sciences},
  volume={368},
  number={1920},
  pages={2595--2614},
  year={2010},
  publisher={The Royal Society}
}

@article{chabiniok2016multiphysics,
  title={Multiphysics and multiscale modelling, data--model fusion and integration of organ physiology in the clinic: ventricular cardiac mechanics},
  author={Chabiniok, Radomir and Wang, Vicky Y and Hadjicharalambous, Myrianthi and Asner, Liya and Lee, Jack and Sermesant, Maxime and Kuhl, Ellen and Young, Alistair A and Moireau, Philippe and Nash, Martyn P and others},
  journal={Interface focus},
  volume={6},
  number={2},
  pages={20150083},
  year={2016},
  publisher={Royal Society}
}

@article{fritz2014simulation,
  title={Simulation of the contraction of the ventricles in a human heart model including atria and pericardium},
  author={Fritz, Thomas and Wieners, Christian and Seemann, Gunnar and Steen, Henning and D{\"o}ssel, Olaf},
  journal={Biomechanics and modeling in mechanobiology},
  volume={13},
  number={3},
  pages={627--641},
  year={2014},
  publisher={Springer}
}

@article{huttenlocher1993comparing,
  title={Comparing images using the Hausdorff distance},
  author={Huttenlocher, Daniel P. and Klanderman, Gregory A. and Rucklidge, William J},
  journal={IEEE Transactions on pattern analysis and machine intelligence},
  volume={15},
  number={9},
  pages={850--863},
  year={1993},
  publisher={IEEE}
}


@article{goktepe2014generalized,
  title={The generalized Hill model: A kinematic approach towards active muscle contraction},
  author={G{\"o}ktepe, Serdar and Menzel, Andreas and Kuhl, Ellen},
  journal={Journal of the Mechanics and Physics of Solids},
  volume={72},
  pages={20--39},
  year={2014},
  publisher={Elsevier}
}

@techreport{farrell2015multiple,
  title={Multiple local minima of PDE-constrained optimisation problems via deflation},
  author={Farrell, Patrick E},
  year={2015},
  institution={Unspecified}
}

@incollection{deb2016multi,
  title={Multi-objective optimization},
  author={Deb, Kalyanmoy and Sindhya, Karthik and Hakanen, Jussi},
  booktitle={Decision Sciences: Theory and Practice},
  pages={145--184},
  year={2016},
  publisher={CRC Press}
}

@article{hadjicharalambous2015analysis,
  title={Analysis of passive cardiac constitutive laws for parameter estimation using 3D tagged MRI},
  author={Hadjicharalambous, Myrianthi and Chabiniok, Radomir and Asner, Liya and Sammut, Eva and Wong, James and Carr-White, Gerald and Lee, Jack and Razavi, Reza and Smith, Nicolas and Nordsletten, David},
  journal={Biomechanics and modeling in mechanobiology},
  volume={14},
  number={4},
  pages={807--828},
  year={2015},
  publisher={Springer}
}

@book{lahoz2010data,
  title={Data assimilation: making sense of observations},
  author={Lahoz, William and Khattatov, Boris and Menard, Richard},
  year={2010},
  publisher={Springer Science \& Business Media}
}

@article{chapelle2013fundamental,
  title={Fundamental principles of data assimilation underlying the Verdandi library: applications to biophysical model personalization within euHeart},
  author={Chapelle, Dominique and Fragu, Marc and Mallet, Vivien and Moireau, Philippe},
  journal={Medical \& biological engineering \& computing},
  volume={51},
  number={11},
  pages={1221--1233},
  year={2013},
  publisher={Springer}
}

@article{nash2000computational,
  title={Computational mechanics of the heart},
  author={Nash, Martyn P and Hunter, Peter J},
  journal={Journal of elasticity and the physical science of solids},
  volume={61},
  number={1-3},
  pages={113--141},
  year={2000},
  publisher={Springer}
}


@book{marsden1994mathematical,
  title={Mathematical foundations of elasticity},
  author={Marsden, Jerrold E and Hughes, Thomas JR},
  year={1994},
  publisher={Courier Corporation}
}

@article{gultekin2016orthotropic,
  title={An orthotropic viscoelastic model for the passive myocardium: continuum basis and numerical treatment},
  author={G{\"u}ltekin, Osman and Sommer, Gerhard and Holzapfel, Gerhard A},
  journal={Computer methods in biomechanics and biomedical engineering},
  volume={19},
  number={15},
  pages={1647--1664},
  year={2016},
  publisher={Taylor \& Francis}
}

@article{heethaar1977computer,
  title={Computer aspects of three-dimensional finite element analysis of stresses and strains in the intact heart},
  author={Heethaar, Robert M and Pao, YC and Ritman, Erik L},
  journal={Computers and Biomedical Research},
  volume={10},
  number={3},
  pages={271--285},
  year={1977},
  publisher={Elsevier}
}

@book{love2013treatise,
  title={A treatise on the mathematical theory of elasticity},
  author={Love, Augustus Edward Hough},
  year={2013},
  publisher={Cambridge university press}
}

@article{sandler1963left,
  title={Left ventricular tension and stress in man},
  author={Sandler, Harold and Dodge, Harold T},
  journal={Circulation Research},
  volume={13},
  number={2},
  pages={91--104},
  year={1963},
  publisher={Am Heart Assoc}
}


@article{gould1972vivo,
  title={In vivo stresses in the human left ventricular wall: analysis accounting for the irregular 3-dimensional geometry and comparison with idealised geometry analyses},
  author={Gould, Phillip and Ghista, Dhanjoo and Brombolich, Lawrence and Mirsky, Israel},
  journal={Journal of biomechanics},
  volume={5},
  number={5},
  pages={521IN13523--522539},
  year={1972},
  publisher={Elsevier}
}


@phdthesis{pezzuto2013mechanics,
  title={Mechanics of the heart: constitutive issues and numerical experiments},
  author={Pezzuto, Simone},
  year={2013},
  school={Italy}
}

@book{allgower2003introduction,
  title={Introduction to numerical continuation methods},
  author={Allgower, Eugene L and Georg, Kurt},
  year={2003},
  publisher={SIAM}
}

@article{woods1892few,
  title={A few applications of a physical theorem to membranes in the human body in a state of tension},
  author={Woods, Robert H},
  journal={Transactions of the Royal Academy of Medicine in Ireland},
  volume={10},
  number={1},
  pages={417--427},
  year={1892},
  publisher={Springer}
}

@article{hunter1988analysis,
  title={The analysis of cardiac function: a continuum approach},
  author={Hunter, Peter J and Smaill, Bruce H},
  journal={Progress in biophysics and molecular biology},
  volume={52},
  number={2},
  pages={101--164},
  year={1988},
  publisher={Elsevier}
}

@article{hisano1987correlation,
  title={Correlation of force-length area with oxygen consumption in ferret papillary muscle.},
  author={Hisano, Ryuichi and Cooper, GT and others},
  journal={Circulation Research},
  volume={61},
  number={3},
  pages={318--328},
  year={1987},
  publisher={Am Heart Assoc}
}

@article{van1998asynchronous,
  title={Asynchronous electrical activation induces asymmetrical hypertrophy of the left ventricular wall},
  author={Van Oosterhout, Matthijs FM and Prinzen, Frits W and Arts, Theo and Schreuder, Jan J and Vanagt, Ward YR and Cleutjens, Jack PM and Reneman, Robert S},
  journal={Circulation},
  volume={98},
  number={6},
  pages={588--595},
  year={1998},
  publisher={Am Heart Assoc}
}

@article{geuzaine2009gmsh,
  title={Gmsh: A 3-D finite element mesh generator with built-in pre-and post-processing facilities},
  author={Geuzaine, Christophe and Remacle, Jean-Fran{\c{c}}ois},
  journal={International Journal for Numerical Methods in Engineering},
  volume={79},
  number={11},
  pages={1309--1331},
  year={2009},
  publisher={Wiley Online Library}
}

@article{cerqueira2002standardized,
  title={Standardized myocardial segmentation and nomenclature for tomographic imaging of the heart a statement for healthcare professionals from the cardiac imaging committee of the Council on Clinical Cardiology of the American Heart Association},
  author={Cerqueira, Manuel D and Weissman, Neil J and Dilsizian, Vasken and Jacobs, Alice K and Kaul, Sanjiv and Laskey, Warren K and Pennell, Dudley J and Rumberger, John A and Ryan, Thomas and Verani, Mario S and others},
  journal={Circulation},
  volume=105,
  number=4,
  pages={539--542},
  year=2002,
  publisher={Am Heart Assoc}
}

@article{yu2008feature,
  title={Feature-preserving adaptive mesh generation for molecular shape modeling and simulation},
  author={Yu, Zeyun and Holst, Michael J and Cheng, Yuhui and McCammon, J Andrew},
  journal={Journal of Molecular Graphics and Modelling},
  volume={26},
  number={8},
  pages={1370--1380},
  year={2008},
  publisher={Elsevier}
}

@article{bayer2012novel,
  title={A novel rule-based algorithm for assigning myocardial fiber orientation to computational heart models},
  author={Bayer, JD and Blake, RC and Plank, G and Trayanova, NA},
  journal={Annals of biomedical engineering},
  volume=40,
  number=10,
  pages={2243--2254},
  year=2012,
  publisher={Springer}
}

@article{wong1968stress,
  title={Stress distribution within the left ventricular wall approximated as a thick ellipsoidal shell},
  author={Wong, Alan YK and Rautaharju, PM},
  journal={American heart journal},
  volume={75},
  number={5},
  pages={649--662},
  year={1968},
  publisher={Elsevier}
}


@article{mirsky1969left,
  title={Left ventricular stresses in the intact human heart},
  author={Mirsky, I},
  journal={Biophysical journal},
  volume={9},
  number={2},
  pages={189},
  year={1969},
  publisher={The Biophysical Society}
}

@article{huisman1980comparison,
  title={Comparison of models used to calculate left ventricular wall force},
  author={Huisman, RM and Sipkema, P and Westerhof, N and Elzinga, G},
  journal={Medical and Biological Engineering and Computing},
  volume={18},
  number={2},
  pages={133--144},
  year={1980},
  publisher={Springer}
}

@article{huisman1980measurement,
  title={Measurement of left ventricular wall stress},
  author={HUISMAN, ROELOF M and ELZINGA, GIJS and WESTERHOF, NICOLAAS and SIPKEMA, PIETER},
  journal={Cardiovascular research},
  volume={14},
  number={3},
  pages={142--153},
  year={1980},
  publisher={The Oxford University Press}
}


@article{bovendeerd1992dependence,
  title={Dependence of local left ventricular wall mechanics on myocardial fiber orientation: a model study},
  author={Bovendeerd, PHM and Arts, T and Huyghe, JM and Van Campen, DH and Reneman, RS},
  journal={Journal of biomechanics},
  volume={25},
  number={10},
  pages={1129--1140},
  year={1992},
  publisher={Elsevier}
}

@article{fung1967elasticity,
  title={Elasticity of soft tissues in simple elongation},
  author={Fung, YC},
  journal={American Journal of Physiology--Legacy Content},
  volume=213,
  number=6,
  pages={1532--1544},
  year=1967,
  publisher={Am Physiological Soc}
}

@article{grossman1975wall,
  title={Wall stress and patterns of hypertrophy in the human left ventricle.},
  author={Grossman, WILLIAM and Jones, DONALD and McLaurin, LP},
  journal={Journal of Clinical Investigation},
  volume={56},
  number={1},
  pages={56},
  year={1975},
  publisher={American Society for Clinical Investigation}
}

@article{holzapfel2009constitutive,
  title={Constitutive modelling of passive myocardium: a structurally based framework for material characterization},
  author={Holzapfel, Gerhard A and Ogden, Ray W},
  journal={Philosophical Transactions of the Royal Society of London A: Mathematical, Physical and Engineering Sciences},
  volume={367},
  number={1902},
  pages={3445--3475},
  year={2009},
  publisher={The Royal Society}
}


@article{humphrey1987constitutive,
  title={On constitutive relations and finite deformations of passive cardiac tissue: I. A pseudostrain-energy function},
  author={Humphrey, JD and Yin, FCP},
  journal={Journal of biomechanical engineering},
  volume={109},
  number={4},
  pages={298--304},
  year={1987},
  publisher={American Society of Mechanical Engineers}
}

@article{costa2001modelling,
  title={Modelling cardiac mechanical properties in three dimensions},
  author={Costa, Kevin D and Holmes, Jeffrey W and McCulloch, Andrew D},
  journal={Philosophical Transactions of the Royal Society of London A: Mathematical, Physical and Engineering Sciences},
  volume={359},
  number={1783},
  pages={1233--1250},
  year={2001},
  publisher={The Royal Society}
}

@article{Krishnamurthy2013,
author = {Krishnamurthy, Adarsh and Villongco, Christopher T and Chuang,
          Joyce and Frank, Lawrence R and Nigam, Vishal and Belezzuoli,
          Ernest and Stark, Paul and Krummen, David E and Narayan,
          Sanjiv and Omens, Jeffrey H and McCulloch,
          Andrew D and Kerckhoffs, Roy Cp},
doi = {10.1016/j.jcp.2012.09.015},
issn = {0021-9991},
journal = {Journal of computational physics},
month = {july},
pages = {4--21},
pmid = {23729839},
publisher = {Elsevier Inc.},
title = {{Patient-Specific Models of Cardiac Biomechanics.}},
url = {http://www.ncbi.nlm.nih.gov/pubmed/23729839},
volume = {244},
year = {2013}
}

@article{kerckhoffs2008cardiac,
  title={Cardiac resynchronization: insight from experimental and computational models},
  author={Kerckhoffs, RCP and Lumens, J and Vernooy, K and Omens, JH and Mulligan, LJ and Delhaas, T and Arts, T and McCulloch, AD and Prinzen, FW},
  journal={Progress in biophysics and molecular biology},
  volume={97},
  number={2},
  pages={543--561},
  year={2008},
  publisher={Elsevier}
}

@article{govindjee1996computational,
  title={Computational methods for inverse finite elastostatics},
  author={Govindjee, Sanjay and Mihalic, Paul A},
  journal={Computer Methods in Applied Mechanics and Engineering},
  volume={136},
  number={1},
  pages={47--57},
  year={1996},
  publisher={Elsevier}
}

@article{gee2010computational,
  title={A computational strategy for prestressing patient-specific biomechanical problems under finite deformation},
  author={Gee, Michael W and F{\"o}rster, Ch and Wall, WA},
  journal={International Journal for Numerical Methods in Biomedical Engineering},
  volume={26},
  number={1},
  pages={52--72},
  year={2010},
  publisher={Wiley Online Library}
}

@article{frank1899grundform,
  title={Die grundform des arteriellen pulses},
  author={Frank, Otto},
  journal={Z Biol},
  volume={37},
  number={483-526},
  pages={19},
  year={1899}
}

@article{bols2013computational,
  title={A computational method to assess the in vivo stresses and unloaded configuration of patient-specific blood vessels},
  author={Bols, Joris and Degroote, Joris and Trachet, Bram and Verhegghe, Benedict and Segers, Patrick and Vierendeels, Jan},
  journal={Journal of computational and Applied mathematics},
  volume={246},
  pages={10--17},
  year={2013},
  publisher={Elsevier}
}

@article{raghavan2006non,
  title={Non-invasive determination of zero-pressure geometry of arterial aneurysms},
  author={Raghavan, ML and Ma, Baoshun and Fillinger, Mark F},
  journal={Annals of biomedical engineering},
  volume={34},
  number={9},
  pages={1414--1419},
  year={2006},
  publisher={Springer}
}

@article{ambrosi2011electromechanical,
  title={Electromechanical coupling in cardiac dynamics: the active strain approach},
  author={Ambrosi, Davide and Arioli, Gianni and Nobile, Fabio and Quarteroni, Alfio},
  journal={SIAM Journal on Applied Mathematics},
  volume={71},
  number={2},
  pages={605--621},
  year={2011},
  publisher={SIAM}
}

@inproceedings{land2015verification,
  title={Verification of cardiac mechanics software: benchmark problems and solutions for testing active and passive material behaviour},
  author={Land, Sander and Gurev, Viatcheslav and Arens, Sander and Augustin, Christoph M and Baron, Lukas and Blake, Robert and Bradley, Chris and Castro, Sebastian and Crozier, Andrew and Favino, Marco and others},
  booktitle={Proc. R. Soc. A},
  volume={471},
  number={2184},
  pages={20150641},
  year={2015},
  organization={The Royal Society}
}

@article{hunter1996kd,
  title={KD Costa},
  author={Hunter, PJ and Wayne, JS and Waldman, LK and Guccione, JM and McCulloch, AD},
  year={1996}
}

@article{tallarida1970left,
  title={Left ventricular wall acceleration and the law of Laplace},
  author={Tallarida, Ronald J and Rusy, Ben F and Loughnane, Michael H},
  journal={Cardiovascular research},
  volume={4},
  number={2},
  pages={217--223},
  year={1970},
  publisher={The Oxford University Press}
}

@article{sweeney2006new,
  title={A new paradigm for physiologic ventricular pacing},
  author={Sweeney, Michael O and Prinzen, Frits W},
  journal={Journal of the American College of Cardiology},
  volume={47},
  number={2},
  pages={282--288},
  year={2006},
  publisher={Am Coll Cardio Found}
}

@incollection{gjerald2014patient,
  title={Patient--Specific Parameter Estimation for a Transversely Isotropic Active Strain Model of Left Ventricular Mechanics},
  author={Gjerald, Sjur and Hake, Johan and Pezzuto, Simone and Sundnes, Joakim and Wall, Samuel T},
  booktitle={Statistical Atlases and Computational Models of the Heart-Imaging and Modelling Challenges},
  pages={93--104},
  year={2014},
  publisher={Springer}
}

@article{asner2015estimation,
  title={Estimation of passive and active properties in the human heart using 3D tagged MRI},
  author={Asner, Liya and Hadjicharalambous, Myrianthi and Chabiniok, Radomir and Peresutti, Devis and Sammut, Eva and Wong, James and Carr-White, Gerald and Chowienczyk, Philip and Lee, Jack and King, Andrew and others},
  journal={Biomechanics and modeling in mechanobiology},
  pages={1--19},
  year={2015},
  publisher={Springer}
}

@article{dokos2002shear,
  title={Shear properties of passive ventricular myocardium},
  author={Dokos, Socrates and Smaill, Bruce H and Young, Alistair A and LeGrice, Ian J},
  journal={American Journal of Physiology-Heart and Circulatory Physiology},
  volume={283},
  number={6},
  pages={H2650--H2659},
  year={2002},
  publisher={Am Physiological Soc}
}

@article{alter2012increased,
  title={Increased enddiastolic wall stress precedes left ventricular hypertrophy in dilative heart failure—Use of the volume-based wall stress index},
  author={Alter, Peter and Rupp, Heinz and Stoll, Florian and Adams, Philipp and Figiel, Jens H and Klose, Klaus J and Rominger, Marga B and Maisch, Bernhard},
  journal={International journal of cardiology},
  volume={157},
  number={2},
  pages={233--238},
  year={2012},
  publisher={Elsevier}
}

@article{noble2002modeling,
  title={Modeling the heart--from genes to cells to the whole organ},
  author={Noble, Denis},
  journal={Science},
  volume={295},
  number={5560},
  pages={1678--1682},
  year={2002},
  publisher={American Association for the Advancement of Science}
}

@book{brock2006understanding,
  title={Understanding Moore's law: four decades of innovation},
  author={Brock, David C and Moore, Gordon E},
  year={2006},
  publisher={Chemical Heritage Foundation}
}

@article{alter2010new,
  title={A new method to assess ventricular wall stress in patients with heart failure and its relation to heart rate variability},
  author={Alter, P and Rupp, H and Rominger, MB and Czerny, F and Vollrath, A and Klose, KJ and Maisch, B},
  journal={International journal of cardiology},
  volume={139},
  number={3},
  pages={301--303},
  year={2010},
  publisher={Elsevier}
}

@article{brekke2007volume,
  title={Volume stitching in three-dimensional echocardiography: distortion analysis and extension to real time},
  author={Brekke, Svein and Rabben, Stein I and St{\o}ylen, Asbj{\o}rn and Haugen, Asbj{\o}rn and Haugen, Geir U and Steen, Erik N and Torp, Hans},
  journal={Ultrasound in medicine \& biology},
  volume={33},
  number={5},
  pages={782--796},
  year={2007},
  publisher={Elsevier}
}

@incollection{rabben2010technical,
  title={Technical principles of transthoracic three-dimensional echocardiography},
  author={Rabben, Stein Inge},
  booktitle={Textbook of Real-Time Three Dimensional Echocardiography},
  pages={9--24},
  year={2010},
  publisher={Springer}
}

@article{arts1991relation,
  title={Relation between left ventricular cavity pressure and volume and systolic fiber stress and strain in the wall.},
  author={Arts, Theo and Bovendeerd, PH and Prinzen, Frits W and Reneman, Robert S},
  journal={Biophysical journal},
  volume={59},
  number={1},
  pages={93},
  year={1991},
  publisher={The Biophysical Society}
}

@article{yin1981ventricular,
  title={Ventricular wall stress.},
  author={Yin, FC},
  journal={Circulation Research},
  volume={49},
  number={4},
  pages={829--842},
  year={1981},
  publisher={Am Heart Assoc}
}

@article{zhang2011comparison,
  title={Comparison of the Young-Laplace law and finite element based calculation of ventricular wall stress: implications for postinfarct and surgical ventricular remodeling},
  author={Zhang, Zhihong and Tendulkar, Amod and Sun, Kay and Saloner, David A and Wallace, Arthur W and Ge, Liang and Guccione, Julius M and Ratcliffe, Mark B},
  journal={The Annals of thoracic surgery},
  volume={91},
  number={1},
  pages={150--156},
  year={2011},
  publisher={Elsevier}
}


@article{perl1986comprehensive,
  title={Comprehensive model for the simulation of left ventricle mechanics},
  author={Perl, M and Horowitz, A and Sideman, S},
  journal={Medical and Biological Engineering and Computing},
  volume={24},
  number={2},
  pages={145--149},
  year={1986},
  publisher={Springer}
}

@book{holzapfel2000nonlinear,
  title={Nonlinear solid mechanics},
  author={Holzapfel, Gerhard A},
  volume={24},
  year={2000},
  publisher={Wiley Chichester}
}