
@article{coppola2007asynchrony,
  title={Asynchrony of ventricular activation affects magnitude and timing of fiber stretch in late-activated regions of the canine heart},
  author={Coppola, Benjamin A and Covell, James W and McCulloch, Andrew D and Omens, Jeffrey H},
  journal={American Journal of Physiology-Heart and Circulatory Physiology},
  volume={293},
  number={1},
  pages={H754--H761},
  year={2007},
  publisher={Am Physiological Soc}
}

@article{woods1892few,
  title={A few applications of a physical theorem to membranes in the human body in a state of tension},
  author={Woods, Robert H},
  journal={Transactions of the Royal Academy of Medicine in Ireland},
  volume={10},
  number={1},
  pages={417--427},
  year={1892},
  publisher={Springer}
}

@article{hisano1987correlation,
  title={Correlation of force-length area with oxygen consumption in ferret papillary muscle.},
  author={Hisano, Ryuichi and Cooper, GT and others},
  journal={Circulation Research},
  volume={61},
  number={3},
  pages={318--328},
  year={1987},
  publisher={Am Heart Assoc}
}

@article{van1998asynchronous,
  title={Asynchronous electrical activation induces asymmetrical hypertrophy of the left ventricular wall},
  author={Van Oosterhout, Matthijs FM and Prinzen, Frits W and Arts, Theo and Schreuder, Jan J and Vanagt, Ward YR and Cleutjens, Jack PM and Reneman, Robert S},
  journal={Circulation},
  volume={98},
  number={6},
  pages={588--595},
  year={1998},
  publisher={Am Heart Assoc}
}

@article{geuzaine2009gmsh,
  title={Gmsh: A 3-D finite element mesh generator with built-in pre-and post-processing facilities},
  author={Geuzaine, Christophe and Remacle, Jean-Fran{\c{c}}ois},
  journal={International Journal for Numerical Methods in Engineering},
  volume={79},
  number={11},
  pages={1309--1331},
  year={2009},
  publisher={Wiley Online Library}
}

@article{cerqueira2002standardized,
  title={Standardized myocardial segmentation and nomenclature for tomographic imaging of the heart a statement for healthcare professionals from the cardiac imaging committee of the Council on Clinical Cardiology of the American Heart Association},
  author={Cerqueira, Manuel D and Weissman, Neil J and Dilsizian, Vasken and Jacobs, Alice K and Kaul, Sanjiv and Laskey, Warren K and Pennell, Dudley J and Rumberger, John A and Ryan, Thomas and Verani, Mario S and others},
  journal={Circulation},
  volume=105,
  number=4,
  pages={539--542},
  year=2002,
  publisher={Am Heart Assoc}
}

@article{bayer2012novel,
  title={A novel rule-based algorithm for assigning myocardial fiber orientation to computational heart models},
  author={Bayer, JD and Blake, RC and Plank, G and Trayanova, NA},
  journal={Annals of biomedical engineering},
  volume=40,
  number=10,
  pages={2243--2254},
  year=2012,
  publisher={Springer}
}

@article{wong1968stress,
  title={Stress distribution within the left ventricular wall approximated as a thick ellipsoidal shell},
  author={Wong, Alan YK and Rautaharju, PM},
  journal={American heart journal},
  volume={75},
  number={5},
  pages={649--662},
  year={1968},
  publisher={Elsevier}
}


@article{mirsky1969left,
  title={Left ventricular stresses in the intact human heart},
  author={Mirsky, I},
  journal={Biophysical journal},
  volume={9},
  number={2},
  pages={189},
  year={1969},
  publisher={The Biophysical Society}
}

@article{huisman1980comparison,
  title={Comparison of models used to calculate left ventricular wall force},
  author={Huisman, RM and Sipkema, P and Westerhof, N and Elzinga, G},
  journal={Medical and Biological Engineering and Computing},
  volume={18},
  number={2},
  pages={133--144},
  year={1980},
  publisher={Springer}
}

@article{huisman1980measurement,
  title={Measurement of left ventricular wall stress},
  author={HUISMAN, ROELOF M and ELZINGA, GIJS and WESTERHOF, NICOLAAS and SIPKEMA, PIETER},
  journal={Cardiovascular research},
  volume={14},
  number={3},
  pages={142--153},
  year={1980},
  publisher={The Oxford University Press}
}


@article{bovendeerd1992dependence,
  title={Dependence of local left ventricular wall mechanics on myocardial fiber orientation: a model study},
  author={Bovendeerd, PHM and Arts, T and Huyghe, JM and Van Campen, DH and Reneman, RS},
  journal={Journal of biomechanics},
  volume={25},
  number={10},
  pages={1129--1140},
  year={1992},
  publisher={Elsevier}
}

@article{fung1967elasticity,
  title={Elasticity of soft tissues in simple elongation},
  author={Fung, YC},
  journal={American Journal of Physiology--Legacy Content},
  volume=213,
  number=6,
  pages={1532--1544},
  year=1967,
  publisher={Am Physiological Soc}
}

@article{grossman1975wall,
  title={Wall stress and patterns of hypertrophy in the human left ventricle.},
  author={Grossman, WILLIAM and Jones, DONALD and McLaurin, LP},
  journal={Journal of Clinical Investigation},
  volume={56},
  number={1},
  pages={56},
  year={1975},
  publisher={American Society for Clinical Investigation}
}

@article{hunter1998modelling,
  title={Modelling the mechanical properties of cardiac muscle},
  author={Hunter, PJ and McCulloch, AD and Ter Keurs, HEDJ},
  journal={Progress in biophysics and molecular biology},
  volume={69},
  number={2},
  pages={289--331},
  year={1998},
  publisher={Elsevier}
}

@article{holzapfel2009constitutive,
  title={Constitutive modelling of passive myocardium: a structurally based framework for material characterization},
  author={Holzapfel, Gerhard A and Ogden, Ray W},
  journal={Philosophical Transactions of the Royal Society of London A: Mathematical, Physical and Engineering Sciences},
  volume={367},
  number={1902},
  pages={3445--3475},
  year={2009},
  publisher={The Royal Society}
}

@article{arnold1984stable,
  title={A stable finite element for the Stokes equations},
  author={Arnold, Douglas N and Brezzi, Franco and Fortin, Michel},
  journal={Calcolo},
  volume={21},
  number={4},
  pages={337--344},
  year={1984},
  publisher={Springer}
}

@article{taylor1973numerical,
  title={A numerical solution of the Navier-Stokes equations using the finite element technique},
  author={Taylor, Cedric and Hood, P},
  journal={Computers \& Fluids},
  volume={1},
  number={1},
  pages={73--100},
  year={1973},
  publisher={Elsevier}
}



@article{humphrey1987constitutive,
  title={On constitutive relations and finite deformations of passive cardiac tissue: I. A pseudostrain-energy function},
  author={Humphrey, JD and Yin, FCP},
  journal={Journal of biomechanical engineering},
  volume={109},
  number={4},
  pages={298--304},
  year={1987},
  publisher={American Society of Mechanical Engineers}
}

@article{costa2001modelling,
  title={Modelling cardiac mechanical properties in three dimensions},
  author={Costa, Kevin D and Holmes, Jeffrey W and McCulloch, Andrew D},
  journal={Philosophical Transactions of the Royal Society of London A: Mathematical, Physical and Engineering Sciences},
  volume={359},
  number={1783},
  pages={1233--1250},
  year={2001},
  publisher={The Royal Society}
}

@article{Krishnamurthy2013,
author = {Krishnamurthy, Adarsh and Villongco, Christopher T and Chuang,
          Joyce and Frank, Lawrence R and Nigam, Vishal and Belezzuoli,
          Ernest and Stark, Paul and Krummen, David E and Narayan,
          Sanjiv and Omens, Jeffrey H and McCulloch,
          Andrew D and Kerckhoffs, Roy Cp},
doi = {10.1016/j.jcp.2012.09.015},
issn = {0021-9991},
journal = {Journal of computational physics},
month = {july},
pages = {4--21},
pmid = {23729839},
publisher = {Elsevier Inc.},
title = {{Patient-Specific Models of Cardiac Biomechanics.}},
url = {http://www.ncbi.nlm.nih.gov/pubmed/23729839},
volume = {244},
year = {2013}
}

@article{hunter2010vision,
  title={A vision and strategy for the virtual physiological human in 2010 and beyond},
  author={Hunter, Peter and Coveney, Peter V and de Bono, Bernard and Diaz, Vanessa and Fenner, John and Frangi, Alejandro F and Harris, Peter and Hose, Rod and Kohl, Peter and Lawford, Pat and others},
  journal={Philosophical Transactions of the Royal Society of London A: Mathematical, Physical and Engineering Sciences},
  volume={368},
  number={1920},
  pages={2595--2614},
  year={2010},
  publisher={The Royal Society}
}

@article{kerckhoffs2008cardiac,
  title={Cardiac resynchronization: insight from experimental and computational models},
  author={Kerckhoffs, RCP and Lumens, J and Vernooy, K and Omens, JH and Mulligan, LJ and Delhaas, T and Arts, T and McCulloch, AD and Prinzen, FW},
  journal={Progress in biophysics and molecular biology},
  volume={97},
  number={2},
  pages={543--561},
  year={2008},
  publisher={Elsevier}
}

@article{ambrosi2011electromechanical,
  title={Electromechanical coupling in cardiac dynamics: the active strain approach},
  author={Ambrosi, Davide and Arioli, Gianni and Nobile, Fabio and Quarteroni, Alfio},
  journal={SIAM Journal on Applied Mathematics},
  volume={71},
  number={2},
  pages={605--621},
  year={2011},
  publisher={SIAM}
}

@article{sweeney2006new,
  title={A new paradigm for physiologic ventricular pacing},
  author={Sweeney, Michael O and Prinzen, Frits W},
  journal={Journal of the American College of Cardiology},
  volume={47},
  number={2},
  pages={282--288},
  year={2006},
  publisher={Am Coll Cardio Found}
}

@incollection{gjerald2014patient,
  title={Patient--Specific Parameter Estimation for a Transversely Isotropic Active Strain Model of Left Ventricular Mechanics},
  author={Gjerald, Sjur and Hake, Johan and Pezzuto, Simone and Sundnes, Joakim and Wall, Samuel T},
  booktitle={Statistical Atlases and Computational Models of the Heart-Imaging and Modelling Challenges},
  pages={93--104},
  year={2014},
  publisher={Springer}
}

@article{asner2015estimation,
  title={Estimation of passive and active properties in the human heart using 3D tagged MRI},
  author={Asner, Liya and Hadjicharalambous, Myrianthi and Chabiniok, Radomir and Peresutti, Devis and Sammut, Eva and Wong, James and Carr-White, Gerald and Chowienczyk, Philip and Lee, Jack and King, Andrew and others},
  journal={Biomechanics and modeling in mechanobiology},
  pages={1--19},
  year={2015},
  publisher={Springer}
}

@article{dokos2002shear,
  title={Shear properties of passive ventricular myocardium},
  author={Dokos, Socrates and Smaill, Bruce H and Young, Alistair A and LeGrice, Ian J},
  journal={American Journal of Physiology-Heart and Circulatory Physiology},
  volume={283},
  number={6},
  pages={H2650--H2659},
  year={2002},
  publisher={Am Physiological Soc}
}

@article{alter2012increased,
  title={Increased enddiastolic wall stress precedes left ventricular hypertrophy in dilative heart failure—Use of the volume-based wall stress index},
  author={Alter, Peter and Rupp, Heinz and Stoll, Florian and Adams, Philipp and Figiel, Jens H and Klose, Klaus J and Rominger, Marga B and Maisch, Bernhard},
  journal={International journal of cardiology},
  volume={157},
  number={2},
  pages={233--238},
  year={2012},
  publisher={Elsevier}
}

@article{alter2010new,
  title={A new method to assess ventricular wall stress in patients with heart failure and its relation to heart rate variability},
  author={Alter, P and Rupp, H and Rominger, MB and Czerny, F and Vollrath, A and Klose, KJ and Maisch, B},
  journal={International journal of cardiology},
  volume={139},
  number={3},
  pages={301--303},
  year={2010},
  publisher={Elsevier}
}

@article{arts1991relation,
  title={Relation between left ventricular cavity pressure and volume and systolic fiber stress and strain in the wall.},
  author={Arts, Theo and Bovendeerd, PH and Prinzen, Frits W and Reneman, Robert S},
  journal={Biophysical journal},
  volume={59},
  number={1},
  pages={93},
  year={1991},
  publisher={The Biophysical Society}
}

@article{yin1981ventricular,
  title={Ventricular wall stress.},
  author={Yin, FC},
  journal={Circulation Research},
  volume={49},
  number={4},
  pages={829--842},
  year={1981},
  publisher={Am Heart Assoc}
}

@article{zhang2011comparison,
  title={Comparison of the Young-Laplace law and finite element based calculation of ventricular wall stress: implications for postinfarct and surgical ventricular remodeling},
  author={Zhang, Zhihong and Tendulkar, Amod and Sun, Kay and Saloner, David A and Wallace, Arthur W and Ge, Liang and Guccione, Julius M and Ratcliffe, Mark B},
  journal={The Annals of thoracic surgery},
  volume={91},
  number={1},
  pages={150--156},
  year={2011},
  publisher={Elsevier}
}


@article{perl1986comprehensive,
  title={Comprehensive model for the simulation of left ventricle mechanics},
  author={Perl, M and Horowitz, A and Sideman, S},
  journal={Medical and Biological Engineering and Computing},
  volume={24},
  number={2},
  pages={145--149},
  year={1986},
  publisher={Springer}
}

@book{holzapfel2000nonlinear,
  title={Nonlinear solid mechanics},
  author={Holzapfel, Gerhard A},
  volume={24},
  year={2000},
  publisher={Wiley Chichester}
}