
@article{rossi2012orthotropic,
  title={Orthotropic active strain models for the numerical simulation of cardiac biomechanics},
  author={Rossi, Simone and Ruiz-Baier, Ricardo and Pavarino, Luca F and Quarteroni, Alfio},
  journal={International journal for numerical methods in biomedical engineering},
  volume={28},
  number={6-7},
  pages={761--788},
  year={2012},
  publisher={Wiley Online Library}
}


@article{balaban2017high,
author = {Balaban, Gabriel and Finsberg, Henrik and  Odland, Hans Henrik and Rognes, Marie E. and Ross, Stian and Sundnes, Joakim and Wall, Samuel},
title = {High-resolution data assimilation of cardiac mechanics applied to a dyssynchronous ventricle},
journal = {International Journal for Numerical Methods in Biomedical Engineering},
publisher = {John Wiley & Sons, Ltd},
issn = {2040-7947},
url = {http://dx.doi.org/10.1002/cnm.2863},
doi = {10.1002/cnm.2863},
pages = {e2863--n/a},
keywords = {adjoint, cardiac mechanics, data assimilation, dyssynchrony, patient specific},
year = {2017},
note = {e2863 cnm.2863},
}

@article{niederer2009role,
  title={The role of the Frank--Starling law in the transduction of cellular work to whole organ pump function: A computational modeling analysis},
  author={Niederer, Steven A and Smith, Nicolas P},
  journal={PLoS Comput Biol},
  volume={5},
  number={4},
  pages={e1000371},
  year={2009},
  publisher={Public Library of Science}
}

@article{owan2006trends,
  title={Trends in prevalence and outcome of heart failure with preserved ejection fraction},
  author={Owan, Theophilus E and Hodge, David O and Herges, Regina M and Jacobsen, Steven J and Roger, Veronique L and Redfield, Margaret M},
  journal={New England Journal of Medicine},
  volume={355},
  number={3},
  pages={251--259},
  year={2006},
  publisher={Mass Medical Soc}
}

@article{Rausch2017JB,
  title = {An Augmented Iterative Method for Identifying a Stress-Free Reference Configuration in Image-Based Biomechanical Modeling},
  volume = {58},
  issn = {00219290},
  doi = {10.1016/j.jbiomech.2017.04.021},
  language = {en},
  timestamp = {2017-09-14T20:24:18Z},
  urldate = {2017-09-14},
  journal = {J. Biomech.},
  author = {Rausch, Manuel K. and Genet, Martin and Humphrey, Jay D.},
  month = jun,
  year = {2017},
  pages = {227--231},
}

@article{ponikowski20162016,
  title={2016 ESC Guidelines for the diagnosis and treatment of acute and chronic heart failure: The Task Force for the diagnosis and treatment of acute and chronic heart failure of the European Society of Cardiology (ESC) Developed with the special contribution of the Heart Failure Association (HFA) of the ESC},
  author={Ponikowski, Piotr and Voors, Adriaan A and Anker, Stefan D and Bueno, H{\'e}ctor and Cleland, John GF and Coats, Andrew JS and Falk, Volkmar and Gonz{\'a}lez-Juanatey, Jos{\'e} Ram{\'o}n and Harjola, Veli-Pekka and Jankowska, Ewa A and others},
  journal={European heart journal},
  volume={37},
  number={27},
  pages={2129--2200},
  year={2016},
  publisher={Oxford University Press}
}

@inproceedings{wang2011myocardial,
  title={Myocardial contractility and regional work throughout the cardiac cycle using FEM and MRI},
  author={Wang, Vicky Y and Ennis, Daniel B and Cowan, Brett R and Young, Alistair A and Nash, Martyn P},
  booktitle={International Workshop on Statistical Atlases and Computational Models of the Heart},
  pages={149--159},
  year={2011},
  organization={Springer}
}

@article{toussaint2013vivo,
  title={In vivo human cardiac fibre architecture estimation using shape-based diffusion tensor processing},
  author={Toussaint, Nicolas and Stoeck, Christian T and Schaeffter, Tobias and Kozerke, Sebastian and Sermesant, Maxime and Batchelor, Philip G},
  journal={Medical image analysis},
  volume={17},
  number={8},
  pages={1243--1255},
  year={2013},
  publisher={Elsevier}
}



@incollection{rabben2010technical,
  title={Technical principles of transthoracic three-dimensional echocardiography},
  author={Rabben, Stein Inge},
  booktitle={Textbook of Real-Time Three Dimensional Echocardiography},
  pages={9--24},
  year={2010},
  publisher={Springer}
}

@article{skulstad2002postsystolic,
  title={Postsystolic shortening in ischemic myocardium},
  author={Skulstad, Helge and Edvardsen, Thor and Urheim, Stig and Rabben, Stein Inge and Stugaard, Marie and Lyseggen, Erik and Ihlen, Halfdan and Smiseth, Otto A},
  journal={Circulation},
  volume={106},
  number={6},
  pages={718--724},
  year={2002},
  publisher={Am Heart Assoc}
}


@article{urheim2005regional,
  title={Regional myocardial work by strain Doppler echocardiography and LV pressure: a new method for quantifying myocardial function},
  author={Urheim, Stig and Rabben, Stein Inge and Skulstad, Helge and Lyseggen, Erik and Ihlen, Halfdan and Smiseth, Otto A},
  journal={American Journal of Physiology-Heart and Circulatory Physiology},
  volume={288},
  number={5},
  pages={H2375--H2380},
  year={2005},
  publisher={Am Physiological Soc}
}


@article{farrell2013automated,
  title={Automated derivation of the adjoint of high-level transient finite element programs},
  author={Farrell, Patrick E and Ham, David A and Funke, Simon W and Rognes, Marie E},
  journal={SIAM Journal on Scientific Computing},
  volume={35},
  number={4},
  pages={C369--C393},
  year={2013},
  publisher={SIAM}
}

@article{vecera2016wasted,
  title={Wasted septal work in left ventricular dyssynchrony: a novel principle to predict response to cardiac resynchronization therapy},
  author={Vecera, J and Penicka, M and Eriksen, M and Russell, K and Bartunek, J and Vanderheyden, M and Smiseth, OA},
  journal={European Heart Journal--Cardiovascular Imaging},
  volume={17},
  number={6},
  pages={624--632},
  year={2016},
  publisher={Oxford University Press}
}

@article{bols2013computational,
  title={A computational method to assess the in vivo stresses and unloaded configuration of patient-specific blood vessels},
  author={Bols, Joris and Degroote, Joris and Trachet, Bram and Verhegghe, Benedict and Segers, Patrick and Vierendeels, Jan},
  journal={Journal of computational and Applied mathematics},
  volume={246},
  pages={10--17},
  year={2013},
  publisher={Elsevier}
}

@article{arnold1984stable,
  title={A stable finite element for the Stokes equations},
  author={Arnold, Douglas N and Brezzi, Franco and Fortin, Michel},
  journal={Calcolo},
  volume={21},
  number={4},
  pages={337--344},
  year={1984},
  publisher={Springer}
}

@article{russell2013assessment,
  title={Assessment of wasted myocardial work: a novel method to quantify energy loss due to uncoordinated left ventricular contractions},
  author={Russell, Kristoffer and Eriksen, Morten and Aaberge, Lars and Wilhelmsen, Nils and Skulstad, Helge and Gjesdal, Ola and Edvardsen, Thor and Smiseth, Otto A},
  journal={American Journal of Physiology-Heart and Circulatory Physiology},
  volume={305},
  number={7},
  pages={H996--H1003},
  year={2013},
  publisher={Am Physiological Soc}
}
@article{coppola2007asynchrony,
  title={Asynchrony of ventricular activation affects magnitude and timing of fiber stretch in late-activated regions of the canine heart},
  author={Coppola, Benjamin A and Covell, James W and McCulloch, Andrew D and Omens, Jeffrey H},
  journal={American Journal of Physiology-Heart and Circulatory Physiology},
  volume={293},
  number={1},
  pages={H754--H761},
  year={2007},
  publisher={Am Physiological Soc}
}

@book{logg2012automated,
  title={Automated solution of differential equations by the finite element method: The FEniCS book},
  author={Logg, Anders and Mardal, Kent-Andre and Wells, Garth},
  volume={84},
  year={2012},
  publisher={Springer Science \& Business Media}
}

@article{pathmanathan2010cardiac,
  title={Cardiac electromechanics: the effect of contraction model on the mathematical problem and accuracy of the numerical scheme},
  author={Pathmanathan, Pras and Chapman, SJ and Gavaghan, DJ and Whiteley, JP},
  journal={The Quarterly Journal of Mechanics and Applied Mathematics},
  pages={hbq014},
  year={2010},
  publisher={Oxford Univ Press}
}

@article{finsberg2017estimating,
  title={Estimating cardiac contraction through high resolution data assimilation of a personalized mechanical model},
  author={Finsberg, Henrik and Balaban, Gabriel and Ross, Stian and H{\aa}land, Trine F and Odland, Hans Henrik and Sundnes, Joakim and Wall, Samuel},
  journal={Journal of Computational Science},
  year={2017},
  issn = {1877-7503},
  doi = {http://dx.doi.org/10.1016/j.jocs.2017.07.013},
  url = {http://www.sciencedirect.com/science/article/pii/S1877750317308190},
  publisher={Elsevier}
}

@article{nikou2016effects,
  title={Effects of using the unloaded configuration in predicting the in vivo diastolic properties of the heart},
  author={Nikou, Amir and Dorsey, Shauna M and McGarvey, Jeremy R and Gorman III, Joseph H and Burdick, Jason A and Pilla, James J and Gorman, Robert C and Wenk, Jonathan F},
  journal={Computer methods in biomechanics and biomedical engineering},
  volume={19},
  number={16},
  pages={1714--1720},
  year={2016},
  publisher={Taylor \& Francis}
}

@article{shoucri2007comparison,
  title={Comparison between linear elasticity and large elastic deformation in the study of the contraction of the myocardium},
  author={Shoucri, RM},
  journal={Modelling in Medicine and Biology VII},
  volume={12},
  pages={3},
  year={2007},
  publisher={WIT Press}
}

@article{woods1892few,
  title={A few applications of a physical theorem to membranes in the human body in a state of tension},
  author={Woods, Robert H},
  journal={Transactions of the Royal Academy of Medicine in Ireland},
  volume={10},
  number={1},
  pages={417--427},
  year={1892},
  publisher={Springer}
}

@article{streeter1969fiber,
  title={Fiber orientation in the canine left ventricle during diastole and systole},
  author={Streeter, Daniel D and Spotnitz, Henry M and Patel, Dali P and Ross, John and Sonnenblick, Edmund H},
  journal={Circulation research},
  volume={24},
  number={3},
  pages={339--347},
  year={1969},
  publisher={Am Heart Assoc}
}

@article{hisano1987correlation,
  title={Correlation of force-length area with oxygen consumption in ferret papillary muscle.},
  author={Hisano, Ryuichi and Cooper, GT and others},
  journal={Circulation Research},
  volume={61},
  number={3},
  pages={318--328},
  year={1987},
  publisher={Am Heart Assoc}
}

@article{suga1979total,
  title={Total mechanical energy of a ventricle model and cardiac oxygen consumption},
  author={Suga, HIROYUKI},
  journal={American Journal of Physiology-Heart and Circulatory Physiology},
  volume={236},
  number={3},
  pages={H498--H505},
  year={1979},
  publisher={Am Physiological Soc}
}

@article{takaoka1992assessment,
  title={Assessment of myocardial oxygen consumption (Vo2) and systolic pressure--volume area (PVA) in human hearts},
  author={Takaoka, H and Takeuchi, M and Odake, M and Yokoyama, M},
  journal={European heart journal},
  volume={13},
  number={suppl\_E},
  pages={85--90},
  year={1992},
  publisher={Oxford University Press}
}

@article{van1998asynchronous,
  title={Asynchronous electrical activation induces asymmetrical hypertrophy of the left ventricular wall},
  author={Van Oosterhout, Matthijs FM and Prinzen, Frits W and Arts, Theo and Schreuder, Jan J and Vanagt, Ward YR and Cleutjens, Jack PM and Reneman, Robert S},
  journal={Circulation},
  volume={98},
  number={6},
  pages={588--595},
  year={1998},
  publisher={Am Heart Assoc}
}

@article{geuzaine2009gmsh,
  title={Gmsh: A 3-D finite element mesh generator with built-in pre-and post-processing facilities},
  author={Geuzaine, Christophe and Remacle, Jean-Fran{\c{c}}ois},
  journal={International Journal for Numerical Methods in Engineering},
  volume={79},
  number={11},
  pages={1309--1331},
  year={2009},
  publisher={Wiley Online Library}
}

@article{cerqueira2002standardized,
  title={Standardized myocardial segmentation and nomenclature for tomographic imaging of the heart a statement for healthcare professionals from the cardiac imaging committee of the Council on Clinical Cardiology of the American Heart Association},
  author={Cerqueira, Manuel D and Weissman, Neil J and Dilsizian, Vasken and Jacobs, Alice K and Kaul, Sanjiv and Laskey, Warren K and Pennell, Dudley J and Rumberger, John A and Ryan, Thomas and Verani, Mario S and others},
  journal={Circulation},
  volume=105,
  number=4,
  pages={539--542},
  year=2002,
  publisher={Am Heart Assoc}
}


@article{hansegaard2009semi,
  title={Semi-automated quantification of left ventricular volumes and ejection fraction by real-time three-dimensional echocardiography},
  author={Hanseg{\aa}rd, J{\o}ger and Urheim, Stig and Lunde, Ketil and Malm, Siri and Rabben, Stein Inge},
  journal={Cardiovascular ultrasound},
  volume={7},
  number={1},
  pages={18},
  year={2009},
  publisher={BioMed Central}
}

@article{bayer2012novel,
  title={A novel rule-based algorithm for assigning myocardial fiber orientation to computational heart models},
  author={Bayer, JD and Blake, RC and Plank, G and Trayanova, NA},
  journal={Annals of biomedical engineering},
  volume=40,
  number=10,
  pages={2243--2254},
  year=2012,
  publisher={Springer}
}

@article{wong1968stress,
  title={Stress distribution within the left ventricular wall approximated as a thick ellipsoidal shell},
  author={Wong, Alan YK and Rautaharju, PM},
  journal={American heart journal},
  volume={75},
  number={5},
  pages={649--662},
  year={1968},
  publisher={Elsevier}
}


@article{mirsky1969left,
  title={Left ventricular stresses in the intact human heart},
  author={Mirsky, I},
  journal={Biophysical journal},
  volume={9},
  number={2},
  pages={189},
  year={1969},
  publisher={The Biophysical Society}
}

@article{huisman1980comparison,
  title={Comparison of models used to calculate left ventricular wall force},
  author={Huisman, RM and Sipkema, P and Westerhof, N and Elzinga, G},
  journal={Medical and Biological Engineering and Computing},
  volume={18},
  number={2},
  pages={133--144},
  year={1980},
  publisher={Springer}
}

@article{huisman1980measurement,
  title={Measurement of left ventricular wall stress},
  author={HUISMAN, ROELOF M and ELZINGA, GIJS and WESTERHOF, NICOLAAS and SIPKEMA, PIETER},
  journal={Cardiovascular research},
  volume={14},
  number={3},
  pages={142--153},
  year={1980},
  publisher={The Oxford University Press}
}


@article{bovendeerd1992dependence,
  title={Dependence of local left ventricular wall mechanics on myocardial fiber orientation: a model study},
  author={Bovendeerd, PHM and Arts, T and Huyghe, JM and Van Campen, DH and Reneman, RS},
  journal={Journal of biomechanics},
  volume={25},
  number={10},
  pages={1129--1140},
  year={1992},
  publisher={Elsevier}
}

@article{fung1967elasticity,
  title={Elasticity of soft tissues in simple elongation},
  author={Fung, YC},
  journal={American Journal of Physiology--Legacy Content},
  volume=213,
  number=6,
  pages={1532--1544},
  year=1967,
  publisher={Am Physiological Soc}
}

@article{grossman1975wall,
  title={Wall stress and patterns of hypertrophy in the human left ventricle.},
  author={Grossman, WILLIAM and Jones, DONALD and McLaurin, LP},
  journal={Journal of Clinical Investigation},
  volume={56},
  number={1},
  pages={56},
  year={1975},
  publisher={American Society for Clinical Investigation}
}

@article{rausch2017augmented,
  title={An augmented iterative method for identifying a stress-free reference configuration in image-based biomechanical modeling},
  author={Rausch, Manuel K and Genet, Martin and Humphrey, Jay D},
  journal={Journal of Biomechanics},
  volume={58},
  pages={227--231},
  year={2017},
  publisher={Elsevier}
}

@article{holzapfel2009constitutive,
  title={Constitutive modelling of passive myocardium: a structurally based framework for material characterization},
  author={Holzapfel, Gerhard A and Ogden, Ray W},
  journal={Philosophical Transactions of the Royal Society of London A: Mathematical, Physical and Engineering Sciences},
  volume={367},
  number={1902},
  pages={3445--3475},
  year={2009},
  publisher={The Royal Society}
}


@article{pezzuto2014orthotropic,
  title={An orthotropic active--strain model for the myocardium mechanics and its numerical approximation},
  author={Pezzuto, S and Ambrosi, D and Quarteroni, A},
  journal={European Journal of Mechanics-A/Solids},
  volume={48},
  pages={83--96},
  year={2014},
  publisher={Elsevier}
}

@article{humphrey1987constitutive,
  title={On constitutive relations and finite deformations of passive cardiac tissue: I. A pseudostrain-energy function},
  author={Humphrey, JD and Yin, FCP},
  journal={Journal of biomechanical engineering},
  volume={109},
  number={4},
  pages={298--304},
  year={1987},
  publisher={American Society of Mechanical Engineers}
}

@article{costa2001modelling,
  title={Modelling cardiac mechanical properties in three dimensions},
  author={Costa, Kevin D and Holmes, Jeffrey W and McCulloch, Andrew D},
  journal={Philosophical Transactions of the Royal Society of London A: Mathematical, Physical and Engineering Sciences},
  volume={359},
  number={1783},
  pages={1233--1250},
  year={2001},
  publisher={The Royal Society}
}

@article{Krishnamurthy2013,
author = {Krishnamurthy, Adarsh and Villongco, Christopher T and Chuang,
          Joyce and Frank, Lawrence R and Nigam, Vishal and Belezzuoli,
          Ernest and Stark, Paul and Krummen, David E and Narayan,
          Sanjiv and Omens, Jeffrey H and McCulloch,
          Andrew D and Kerckhoffs, Roy Cp},
doi = {10.1016/j.jcp.2012.09.015},
issn = {0021-9991},
journal = {Journal of computational physics},
month = {july},
pages = {4--21},
pmid = {23729839},
publisher = {Elsevier Inc.},
title = {{Patient-Specific Models of Cardiac Biomechanics.}},
url = {http://www.ncbi.nlm.nih.gov/pubmed/23729839},
volume = {244},
year = {2013}
}

@article{kerckhoffs2008cardiac,
  title={Cardiac resynchronization: insight from experimental and computational models},
  author={Kerckhoffs, RCP and Lumens, J and Vernooy, K and Omens, JH and Mulligan, LJ and Delhaas, T and Arts, T and McCulloch, AD and Prinzen, FW},
  journal={Progress in biophysics and molecular biology},
  volume={97},
  number={2},
  pages={543--561},
  year={2008},
  publisher={Elsevier}
}


@article{lin1998multiaxial,
  title={A Multiaxial Constitutive Law for IVIammalian Left Ventricular Myocardium in Steady-State Barium Contracture or Tetanus},
  author={Lin, DHS and Yin, FCP},
  year={1998},
  journal={Journal of Biomechanical Engineering},
  volume={120},
  number={4}
}

@article{delhaas1994regional,
  title={Regional fibre stress-fibre strain area as an estimate of regional blood flow and oxygen demand in the canine heart.},
  author={Delhaas, Tammo and Arts, Theo and Prinzen, Frits W and Reneman, Robert S},
  journal={The Journal of Physiology},
  volume={477},
  number={3},
  pages={481--496},
  year={1994},
  publisher={Wiley Online Library}
}


@article{tyberg1974analysis,
  title={An analysis of segmental ischemic dysfunction utilizing the pressure-length loop},
  author={Tyberg, John V and Forrester, James S and Wyatt, HL and Goldner, Steven J and Parmley, William W and Swan, HJC},
  journal={Circulation},
  volume={49},
  number={4},
  pages={748--754},
  year={1974},
  publisher={Am Heart Assoc}
}

@article{theroux1974regional,
  title={Regional myocardial function during acute coronary artery occlusion and its modification by pharmacologic agents in the dog},
  author={Theroux, Pierre and Franklin, Dean and Ross, John and Kemper, William S},
  journal={Circulation Research},
  volume={35},
  number={6},
  pages={896--908},
  year={1974},
  publisher={Am Heart Assoc}
}


@article{andersen2017estimating,
  title={Estimating left ventricular filling pressure by echocardiography},
  author={Andersen, Oyvind S and Smiseth, Otto A and Dokainish, Hisham and Abudiab, Muaz M and Schutt, Robert C and Kumar, Arnav and Sato, Kimi and Harb, Serge and Gude, Einar and Remme, Espen W and others},
  journal={Journal of the American College of Cardiology},
  volume={69},
  number={15},
  pages={1937--1948},
  year={2017},
  publisher={Elsevier}
}

@article{ambrosi2011electromechanical,
  title={Electromechanical coupling in cardiac dynamics: the active strain approach},
  author={Ambrosi, Davide and Arioli, Gianni and Nobile, Fabio and Quarteroni, Alfio},
  journal={SIAM Journal on Applied Mathematics},
  volume={71},
  number={2},
  pages={605--621},
  year={2011},
  publisher={SIAM}
}


@article{russell2012novel,
  title={A novel clinical method for quantification of regional left ventricular pressure--strain loop area: a non-invasive index of myocardial work},
  author={Russell, Kristoffer and Eriksen, Morten and Aaberge, Lars and Wilhelmsen, Nils and Skulstad, Helge and Remme, Espen W and Haugaa, Kristina H and Opdahl, Anders and Fjeld, Jan Gunnar and Gjesdal, Ola and others},
  journal={European heart journal},
  volume={33},
  number={6},
  pages={724--733},
  year={2012},
  publisher={The University of Chicago Press}
}


@article{gee2010computational,
  title={A computational strategy for prestressing patient-specific biomechanical problems under finite deformation},
  author={Gee, Michael W and F{\"o}rster, Ch and Wall, WA},
  journal={International Journal for Numerical Methods in Biomedical Engineering},
  volume={26},
  number={1},
  pages={52--72},
  year={2010},
  publisher={Wiley Online Library}
}


@article{huttenlocher1993comparing,
  title={Comparing images using the Hausdorff distance},
  author={Huttenlocher, Daniel P. and Klanderman, Gregory A. and Rucklidge, William J},
  journal={IEEE Transactions on pattern analysis and machine intelligence},
  volume={15},
  number={9},
  pages={850--863},
  year={1993},
  publisher={IEEE}
}


@article{govindjee1996computational,
  title={Computational methods for inverse finite elastostatics},
  author={Govindjee, Sanjay and Mihalic, Paul A},
  journal={Computer Methods in Applied Mechanics and Engineering},
  volume={136},
  number={1},
  pages={47--57},
  year={1996},
  publisher={Elsevier}
}

@article{sweeney2006new,
  title={A new paradigm for physiologic ventricular pacing},
  author={Sweeney, Michael O and Prinzen, Frits W},
  journal={Journal of the American College of Cardiology},
  volume={47},
  number={2},
  pages={282--288},
  year={2006},
  publisher={Am Coll Cardio Found}
}

@incollection{gjerald2014patient,
  title={Patient--Specific Parameter Estimation for a Transversely Isotropic Active Strain Model of Left Ventricular Mechanics},
  author={Gjerald, Sjur and Hake, Johan and Pezzuto, Simone and Sundnes, Joakim and Wall, Samuel T},
  booktitle={Statistical Atlases and Computational Models of the Heart-Imaging and Modelling Challenges},
  pages={93--104},
  year={2014},
  publisher={Springer}
}


@article{sun2009computationally,
  title={A computationally efficient formal optimization of regional myocardial contractility in a sheep with left ventricular aneurysm},
  author={Sun, Kay and Stander, Nielen and Jhun, Choon-Sik and Zhang, Zhihong and Suzuki, Takamaro and Wang, Guan-Ying and Saeed, Maythem and Wallace, Arthur W and Tseng, Elaine E and Baker, Anthony J and others},
  journal={Journal of biomechanical engineering},
  volume={131},
  number={11},
  pages={111001},
  year={2009},
  publisher={American Society of Mechanical Engineers}
}


@article{asner2015estimation,
  title={Estimation of passive and active properties in the human heart using 3D tagged MRI},
  author={Asner, Liya and Hadjicharalambous, Myrianthi and Chabiniok, Radomir and Peresutti, Devis and Sammut, Eva and Wong, James and Carr-White, Gerald and Chowienczyk, Philip and Lee, Jack and King, Andrew and others},
  journal={Biomechanics and modeling in mechanobiology},
  pages={1--19},
  year={2015},
  publisher={Springer}
}

@article{dokos2002shear,
  title={Shear properties of passive ventricular myocardium},
  author={Dokos, Socrates and Smaill, Bruce H and Young, Alistair A and LeGrice, Ian J},
  journal={American Journal of Physiology-Heart and Circulatory Physiology},
  volume={283},
  number={6},
  pages={H2650--H2659},
  year={2002},
  publisher={Am Physiological Soc}
}

@article{sommer2015biomechanical,
  title={Biomechanical properties and microstructure of human ventricular myocardium},
  author={Sommer, Gerhard and Schriefl, Andreas J and Andr{\"a}, Michaela and Sacherer, Michael and Viertler, Christian and Wolinski, Heimo and Holzapfel, Gerhard A},
  journal={Acta biomaterialia},
  volume={24},
  pages={172--192},
  year={2015},
  publisher={Elsevier}
}

@article{heimdal1998real,
  title={Real-time strain rate imaging of the left ventricle by ultrasound},
  author={Heimdal, Andreas and St{\o}ylen, Asbj{\o}rn and Torp, Hans and Skj{\ae}rpe, Terje},
  journal={Journal of the American Society of Echocardiography},
  volume={11},
  number={11},
  pages={1013--1019},
  year={1998},
  publisher={Elsevier}
}

@article{alter2012increased,
  title={Increased enddiastolic wall stress precedes left ventricular hypertrophy in dilative heart failure—Use of the volume-based wall stress index},
  author={Alter, Peter and Rupp, Heinz and Stoll, Florian and Adams, Philipp and Figiel, Jens H and Klose, Klaus J and Rominger, Marga B and Maisch, Bernhard},
  journal={International journal of cardiology},
  volume={157},
  number={2},
  pages={233--238},
  year={2012},
  publisher={Elsevier}
}

@article{alter2010new,
  title={A new method to assess ventricular wall stress in patients with heart failure and its relation to heart rate variability},
  author={Alter, P and Rupp, H and Rominger, MB and Czerny, F and Vollrath, A and Klose, KJ and Maisch, B},
  journal={International journal of cardiology},
  volume={139},
  number={3},
  pages={301--303},
  year={2010},
  publisher={Elsevier}
}

@article{arts1991relation,
  title={Relation between left ventricular cavity pressure and volume and systolic fiber stress and strain in the wall.},
  author={Arts, Theo and Bovendeerd, PH and Prinzen, Frits W and Reneman, Robert S},
  journal={Biophysical journal},
  volume={59},
  number={1},
  pages={93},
  year={1991},
  publisher={The Biophysical Society}
}

@article{prinzen1999mapping,
  title={Mapping of regional myocardial strain and work during ventricular pacing: experimental study using magnetic resonance imaging tagging},
  author={Prinzen, Frits W and Hunter, William C and Wyman, Bradley T and McVeigh, Elliot R},
  journal={Journal of the American College of Cardiology},
  volume={33},
  number={6},
  pages={1735--1742},
  year={1999},
  publisher={Journal of the American College of Cardiology}
}

@article{yin1981ventricular,
  title={Ventricular wall stress.},
  author={Yin, FC},
  journal={Circulation Research},
  volume={49},
  number={4},
  pages={829--842},
  year={1981},
  publisher={Am Heart Assoc}
}

@article{zhang2011comparison,
  title={Comparison of the Young-Laplace law and finite element based calculation of ventricular wall stress: implications for postinfarct and surgical ventricular remodeling},
  author={Zhang, Zhihong and Tendulkar, Amod and Sun, Kay and Saloner, David A and Wallace, Arthur W and Ge, Liang and Guccione, Julius M and Ratcliffe, Mark B},
  journal={The Annals of thoracic surgery},
  volume={91},
  number={1},
  pages={150--156},
  year={2011},
  publisher={Elsevier}
}


@article{perl1986comprehensive,
  title={Comprehensive model for the simulation of left ventricle mechanics},
  author={Perl, M and Horowitz, A and Sideman, S},
  journal={Medical and Biological Engineering and Computing},
  volume={24},
  number={2},
  pages={145--149},
  year={1986},
  publisher={Springer}
}

@book{holzapfel2000nonlinear,
  title={Nonlinear solid mechanics},
  author={Holzapfel, Gerhard A},
  volume={24},
  year={2000},
  publisher={Wiley Chichester}
}