

@incollection{rabben2010technical,
  title={Technical Principles of Transthoracic Three-Dimensional Echocardiography},
  author={Rabben, Stein Inge},
  booktitle={Textbook of Real-Time Three Dimensional Echocardiography},
  pages={9--24},
  year={2010},
  publisher={Springer}
}

@article{hunter2010vision,
  title={A vision and strategy for the virtual physiological human in 2010 and beyond},
  author={Hunter, Peter and Coveney, Peter V and de Bono, Bernard and Diaz, Vanessa and Fenner, John and Frangi, Alejandro F and Harris, Peter and Hose, Rod and Kohl, Peter and Lawford, Pat and others},
  journal={Philosophical Transactions of the Royal Society of London A: Mathematical, Physical and Engineering Sciences},
  volume={368},
  number={1920},
  pages={2595--2614},
  year={2010},
  publisher={The Royal Society}
}


@article{nikou2016effects,
  title={Effects of using the unloaded configuration in predicting the in vivo diastolic properties of the heart},
  author={Nikou, Amir and Dorsey, Shauna M and McGarvey, Jeremy R and Gorman III, Joseph H and Burdick, Jason A and Pilla, James J and Gorman, Robert C and Wenk, Jonathan F},
  journal={Computer methods in biomechanics and biomedical engineering},
  volume={19},
  number={16},
  pages={1714--1720},
  year={2016},
  publisher={Taylor \& Francis}
}


@article{viceconti2016virtual,
  title={The Virtual Physiological Human: Ten Years After},
  author={Viceconti, Marco and Hunter, Peter},
  journal={Annual Review of Biomedical Engineering},
  volume={18},
  number={1},
  year={2016},
  publisher={Annual Reviews 4139 El Camino Way, PO Box 10139, Palo Alto, California 94303-0139, USA}
}

@article{goktepe2014generalized,
  title={The generalized Hill model: A kinematic approach towards active muscle contraction},
  author={G{\"o}ktepe, Serdar and Menzel, Andreas and Kuhl, Ellen},
  journal={Journal of the Mechanics and Physics of Solids},
  volume={72},
  pages={20--39},
  year={2014},
  publisher={Elsevier}
}


@article{balaban,
  title={High Resolution Data Assimilation of Cardiac Mechanics Applied to a Dyssynchronous Ventricle},
  author={Balaban, Gabriel and Finsberg, Henrik and Odland, Hans Henrik and Rognes, Marie and Ross, Stian and Sundnes, Joakim and Wall, Samuel},
  journal={International Journal for Numerical Methods in Biomedical Engineering},
  year={2017}
}

@book{klingensmith2008washington,
  title={The Washington manual of surgery},
  author={Klingensmith, Mary E and others},
  year={2008},
  publisher={Lippincott Williams \& Wilkins}
}



@misc{ImpactStudy2016,
        author = {Oslo University Hospital},
        title = {Acute Feedback on Left ventrIcular Lead Implantation Location for Cardiac Resynchronization Therapy ({CCI} impact)},
        year = 2016,
        howpublished = {\url{https://clinicaltrials.gov}},   
}


@article{sagawa1977end,
  title={End-systolic pressure/volume ratio: a new index of ventricular contractility},
  author={Sagawa, Kiichi and Suga, Hiroyuki and Shoukas, Artin A and Bakalar, Kenneth M},
  journal={The American journal of cardiology},
  volume={40},
  number={5},
  pages={748--753},
  year={1977},
  publisher={Elsevier}
}

@misc{PETScPackage,
  author =    {S Balay and J Brown and K Buschelman and WD Gropp and D Kaushik and MG Knepley and L Curfman McInnes and BF Smith and H Zhang},
  title =     {{PETS}c Web page},
  year =      {2015},
  howpublished = {\url{http://www.mcs.anl.gov/petsc}},
}

@book{kraft1988software,
  title={A software package for sequential quadratic programming},
  author={Kraft, Dieter and others},
  year={1988},
  publisher={DFVLR Obersfaffeuhofen, Germany}
}

@article{farrell2013automated,
  title={Automated derivation of the adjoint of high-level transient finite element programs},
  author={Farrell, Patrick E and Ham, David A and Funke, Simon W and Rognes, Marie E},
  journal={SIAM Journal on Scientific Computing},
  volume={35},
  number={4},
  pages={C369--C393},
  year={2013},
  publisher={SIAM}
}


@article{cerqueira2002standardized,
  title={Standardized myocardial segmentation and nomenclature for tomographic imaging of the heart a statement for healthcare professionals from the cardiac imaging committee of the Council on Clinical Cardiology of the American Heart Association},
  author={Cerqueira, Manuel D and Weissman, Neil J and Dilsizian, Vasken and Jacobs, Alice K and Kaul, Sanjiv and Laskey, Warren K and Pennell, Dudley J and Rumberger, John A and Ryan, Thomas and Verani, Mario S and others},
  journal={Circulation},
  volume=105,
  number=4,
  pages={539--542},
  year=2002,
  publisher={Am Heart Assoc}
}

@article{bayer2012novel,
  title={A novel rule-based algorithm for assigning myocardial fiber orientation to computational heart models},
  author={Bayer, JD and Blake, RC and Plank, G and Trayanova, NA},
  journal={Annals of biomedical engineering},
  volume=40,
  number=10,
  pages={2243--2254},
  year=2012,
  publisher={Springer}
}


@article{holzapfel2009constitutive,
  title={Constitutive modelling of passive myocardium: a structurally based framework for material characterization},
  author={Holzapfel, Gerhard A and Ogden, Ray W},
  journal={Philosophical Transactions of the Royal Society of London A: Mathematical, Physical and Engineering Sciences},
  volume={367},
  number={1902},
  pages={3445--3475},
  year={2009},
  publisher={The Royal Society}
}



@article{ambrosi2012active,
  title={Active stress vs. active strain in mechanobiology: constitutive issues},
  author={Ambrosi, D and Pezzuto, S},
  journal={Journal of Elasticity},
  volume={107},
  number={2},
  pages={199--212},
  year={2012},
  publisher={Springer}
}


@incollection{gjerald2014patient,
  title={Patient--Specific Parameter Estimation for a Transversely Isotropic Active Strain Model of Left Ventricular Mechanics},
  author={Gjerald, Sjur and Hake, Johan and Pezzuto, Simone and Sundnes, Joakim and Wall, Samuel T},
  booktitle={Statistical Atlases and Computational Models of the Heart-Imaging and Modelling Challenges},
  pages={93--104},
  year={2014},
  publisher={Springer}
}



@book{logg2012automated,
  title={Automated solution of differential equations by the finite element method: The FEniCS book},
  author={Logg, Anders and Mardal, Kent-Andre and Wells, Garth},
  volume={84},
  year={2012},
  publisher={Springer Science \& Business Media}
}

@article{chabiniok2012estimation,
  title={Estimation of tissue contractility from cardiac cine-{MRI} using a biomechanical heart model},
  author={Chabiniok, Radomir and Moireau, Philippe and Lesault, P-F and Rahmouni, Alain and Deux, J-F and Chapelle, Dominique},
  journal={Biomechanics and modeling in mechanobiology},
  volume={11},
  number={5},
  pages={609--630},
  year={2012},
  publisher={Springer}
}


@book{holzapfel2000nonlinear,
  title={Nonlinear solid mechanics},
  author={Holzapfel, Gerhard A},
  volume={24},
  year={2000},
  publisher={Wiley Chichester}
}

@article{senzaki1996single,
  title={Single-beat estimation of end-systolic pressure-volume relation in humans a new method with the potential for noninvasive application},
  author={Senzaki, Hideaki and Chen, Chen-Huan and Kass, David A},
  journal={Circulation},
  volume={94},
  number={10},
  pages={2497--2506},
  year={1996},
  publisher={Am Heart Assoc}
}