@article{balaban2016adjoint,
  title={Adjoint multi-start-based estimation of cardiac hyperelastic material parameters using shear data},
  author={Balaban, Gabriel and Aln{\ae}s, Martin S and Sundnes, Joakim and Rognes, Marie E},
  journal={Biomechanics and Modeling in Mechanobiology},
  pages={1--13},
  year={2016},
  publisher={Springer}
}

@article{aguado2011patient,
  title={Patient-specific modeling of dyssynchronous heart failure: a case study},
  author={Aguado-Sierra, Jazmin and Krishnamurthy, Adarsh and Villongco, Christopher and Chuang, Joyce and Howard, Elliot and Gonzales,
          Matthew J and Omens, Jeff and Krummen, David E and Narayan,
          Sanjiv and Kerckhoffs, Roy CP and others},
  journal={Progress in biophysics and molecular biology},
  volume={107},
  number={1},
  pages={147--155},
  year={2011},
  publisher={Elsevier}
}

@article{hjertaas2013accuracy,
  title={Accuracy of real-time single-and multi-beat 3-d speckle tracking echocardiography in vitro},
  author={Hjertaas, Johannes Just and Foss{\aa}, Henrik and Dybdahl, Grete Lunestad and Gr{\"u}ner, Renate and Lunde, Per and Matre, Knut},
  journal={Ultrasound in medicine \& biology},
  volume={39},
  number={6},
  pages={1006--1014},
  year={2013},
  publisher={Elsevier}
}

@article{hansen1993use,
  title={The use of the L-curve in the regularization of discrete ill-posed problems},
  author={Hansen, Per Christian and O'Leary, Dianne Prost},
  journal={SIAM Journal on Scientific Computing},
  volume={14},
  number={6},
  pages={1487--1503},
  year={1993},
  publisher={SIAM}
}

@article{aurich2014assessment,
  title={Assessment of left ventricular volumes with echocardiography 
	 and cardiac magnetic resonance imaging: real-life evaluation of standard versus new semiautomatic methods},
  author={Aurich, Matthias and Andr{\'e}, Florian and Keller, Marius and Greiner, Sebastian and Hess, Alexander and Buss, Sebastian J and Katus, Hugo A and Mereles, Derliz},
  journal={Journal of the American Society of Echocardiography},
  volume={27},
  number={10},
  pages={1017--1024},
  year={2014},
  publisher={Elsevier}
}

@article{bayer2012novel,
  title={A novel rule-based algorithm for assigning myocardial fiber orientation to computational heart models},
  author={Bayer, JD and Blake, RC and Plank, G and Trayanova, NA},
  journal={Annals of biomedical engineering},
  volume=40,
  number=10,
  pages={2243--2254},
  year=2012,
  publisher={Springer}
}

@book{kraft1988software,
  title={A software package for sequential quadratic programming},
  author={Kraft, Dieter and others},
  year={1988},
  publisher={DFVLR Obersfaffeuhofen, Germany}
}

@TECHREPORT{4dstrain2011,
  AUTHOR =        {Andreas Heimdal},
  TITLE =         {4D Strain: Advanced research application for quantitative echocardiography},
  NUMBER =        {ULTC-0254-06.11},
  INSTITUTION =   {GE Healthcare},
  ADDRESS =       {GE Healthcare
9900 Innovation Drive
Wauwatosa, WI 53226
U.S.A.},
  KEYWORDS =      {},
  NOTE =          {},
  MONTH =         {June},
  YEAR  =         {2011}}

@article{vossoughi1980compressibility,
  title={Compressibility of the myocardial tissue},
  author={Vossoughi, Jafar and Vaishnav, Ramesh N and Patel, Dali J},
  journal={Advances in bioengineering},
  pages={45--48},
  year={1980}}

@article{yin1996compressibility,
  title={Compressibility of perfused passive myocardium},
  author={Yin, FC and Chan, CC and Judd, Robert M},
  journal={American Journal of Physiology-Heart and Circulatory Physiology},
  volume={271},
  number={5},
  pages={H1864--H1870},
  year={1996},
  publisher={Am Physiological Soc}
}

@TECHREPORT{afi2007,
  AUTHOR =        {Phillip, S and Friedman, Z and Harrison, E},
  TITLE =         {Automated Function Imaging ({AFI})},
  NUMBER =        {ULTC-0187-10.07},
  INSTITUTION =   {GE Healthcare},
  ADDRESS =       {GE Healthcare
9900 Innovation Drive
Wauwatosa, WI 53226
U.S.A.},
  KEYWORDS =      {},
  NOTE =          {},
  MONTH =         {July},
  YEAR  =         {2007}}

@article{ambrosi2012active,
  title={Active stress vs. active strain in mechanobiology: constitutive issues},
  author={Ambrosi, D and Pezzuto, S},
  journal={Journal of Elasticity},
  volume={107},
  number={2},
  pages={199--212},
  year={2012},
  publisher={Springer}
}

@article{pezzuto2014orthotropic,
  title={An orthotropic active--strain model for the myocardium mechanics and its numerical approximation},
  author={Pezzuto, S and Ambrosi, D and Quarteroni, A},
  journal={European Journal of Mechanics-A/Solids},
  year={2014},
  publisher={Elsevier}
}

@article{cerqueira2002standardized,
  title={Standardized myocardial segmentation and nomenclature for tomographic imaging of the heart a statement for healthcare professionals
  from the cardiac imaging committee of the {C}ouncil on {C}linical {C}ardiology of the {A}merican {H}eart {A}ssociation},
  author={Cerqueira, Manuel D and Weissman, Neil J and Dilsizian, Vasken and Jacobs, Alice K and Kaul, Sanjiv and Laskey, Warren K and Pennell, Dudley J and Rumberger, John A and Ryan, Thomas and Verani, Mario S and others},
  journal={Circulation},
  volume=105,
  number=4,
  pages={539--542},
  year=2002,
  publisher={Am Heart Assoc}
}

@incollection{gjerald2015patient,
  title={Patient--Specific Parameter Estimation for a Transversely Isotropic Active Strain Model of Left Ventricular Mechanics},
  author={Gjerald, Sjur and Hake, Johan and Pezzuto, Simone and Sundnes, Joakim and Wall, Samuel T},
  booktitle={Statistical Atlases and Computational Models of the Heart-Imaging and Modelling Challenges},
  pages={93--104},
  year={2015},
  publisher={Springer}
}

@article{geuzaine2009gmsh,
  title={Gmsh: A 3-{D} finite element mesh generator with built-in pre-and post-processing facilities},
  author={Geuzaine, Christophe and Remacle, Jean-Fran{\c{c}}ois},
  journal={International Journal for Numerical Methods in Engineering},
  volume={79},
  number={11},
  pages={1309--1331},
  year={2009},
  publisher={Wiley Online Library}
}

@article{Holzapfel2009,
author= {Holzapfel, Gerhard a and Ogden, Ray W},
doi = {10.1098/rsta.2009.0091},
issn = {1364-503X},
journal = {Philosophical transactions. Series A, Mathematical, physical, and engineering sciences},
month = {sep},
number = {1902},
pages = {3445--75},
pmid = {19657007},
title = {{Constitutive modelling of passive myocardium: a structurally based framework for material characterization.}},
url = {http://www.ncbi.nlm.nih.gov/pubmed/19657007},
volume = {367},
year = {2009}
}

@article{lang2005recommendations,
  title={Recommendations for chamber quantification: a report from the American Society of Echocardiographyâ€™s Guidelines and Standards Committee and the Chamber Quantification Writing Group, developed in conjunction with the European Association of Echocardiography, a branch of the European Society of Cardiology},
  author={Lang, Roberto M and Bierig, Michelle and Devereux, Richard B and Flachskampf, Frank A and Foster, Elyse and Pellikka, Patricia A and Picard, Michael H and Roman, Mary J and Seward, James and Shanewise, Jack S and others},
  journal={Journal of the American Society of Echocardiography},
  volume={18},
  number={12},
  pages={1440--1463},
  year={2005},
  publisher={Mosby}
}

@article{ruwhof2000mechanical,
  title={Mechanical stress-induced cardiac hypertrophy: mechanisms and signal transduction pathways},
  author={Ruwhof, Cindy and van der Laarse, Arnoud},
  journal={Cardiovascular research},
  volume={47},
  number={1},
  pages={23--37},
  year={2000},
  publisher={Oxford University Press}
}

@article{brent1971algorithm,
  title={An algorithm with guaranteed convergence for finding a zero of a function},
  author={Brent, Richard P.},
  journal={The Computer Journal},
  volume={14},
  number={4},
  pages={422--425},
  year={1971}
}

@article{test,
  title = {a},
  author = {A,B},
  year = {2000},
  publisher = {C},
  volume = {1},
  journal = {foobar}
}

@article{Krishnamurthy2013,
author = {Krishnamurthy, Adarsh and Villongco, Christopher T and Chuang,
          Joyce and Frank, Lawrence R and Nigam, Vishal and Belezzuoli,
          Ernest and Stark, Paul and Krummen, David E and Narayan,
          Sanjiv and Omens, Jeffrey H and McCulloch,
          Andrew D and Kerckhoffs, Roy Cp},
doi = {10.1016/j.jcp.2012.09.015},
issn = {0021-9991},
journal = {Journal of computational physics},
month = {july},
pages = {4--21},
pmid = {23729839},
publisher = {Elsevier Inc.},
title = {{Patient-specific models of cardiac biomechanics}},
url = {http://www.ncbi.nlm.nih.gov/pubmed/23729839},
volume = {244},
year = {2013}
}

@book{holzapfel2000nonlinear,
  title = {Nonlinear solid mechanics},
  author = {Holzapfel, Gerhard A},
  volume = {24},
  year = {2000},
  publisher = {Wiley Chichester}
}

@article{ambrosi2011electromechanical,
  title={Electromechanical coupling in cardiac dynamics: the active strain approach},
  author={Ambrosi, Davide and Arioli, Gianni and Nobile, Fabio and Quarteroni, Alfio},
  journal={SIAM Journal on Applied Mathematics},
  volume={71},
  number={2},
  pages={605--621},
  year={2011},
  publisher={SIAM}
}

@article{hood1974navier,
  title={Navier-Stokes equations using mixed interpolation},
  author={Hood, P and Taylor, C},
  journal={Finite element methods in flow problems},
  pages={121--132},
  year={1974}
}

@book{LoggMardalEtAl2011a,
  category = {books},
  publisher = {Springer},
  isbn = {978-3-642-23098-1},
  author = {Anders Logg and Kent-Andre Mardal and Garth N. Wells and others},
  title = {Automated Solution of Differential Equations By the Finite Element Method},
  status = {published},
  year = {2011},
  pdf = {missing},
}

@article{farrell2013automated,
  title={Automated derivation of the adjoint of high-level transient finite element programs},
  author={Farrell, Patrick E and Ham, David A and Funke, Simon W and Rognes, Marie E},
  journal={SIAM Journal on Scientific Computing},
  volume={35},
  number={4},
  pages={C369--C393},
  year={2013},
  publisher={SIAM}
}

@article{ubbink2006towards,
  title={Towards model-based analysis of cardiac MR tagging data: relation between left ventricular shear strain and myofiber orientation},
  author={Ubbink, SWJ and Bovendeerd, PHM and Delhaas, Tammo and Arts, Theo and van de Vosse, Frans N},
  journal={Medical image analysis},
  volume={10},
  number={4},
  pages={632--641},
  year={2006},
  publisher={Elsevier}
}

@article{nash2000computational,
  title={Computational mechanics of the heart},
  author={Nash, Martyn P and Hunter, Peter J},
  journal={Journal of elasticity and the physical science of solids},
  volume={61},
  number={1-3},
  pages={113--141},
  year={2000},
  publisher={Springer}
}

@incollection{sundar2009biomechanically,
  title={Biomechanically-constrained 4{D} estimation of myocardial motion},
  author={Sundar, Hari and Davatzikos, Christos and Biros, George},
  booktitle={Medical Image Computing and Computer-Assisted Intervention--MICCAI 2009},
  pages={257--265},
  year={2009},
  publisher={Springer}
}

@article{Delingette2012,
author = {Delingette, H and Billet, F and Wong, K C L and Sermesant, M and Rhode, K and Ginks, M and Rinaldi, C A and Razavi, R and Ayache, N},
doi = {10.1109/TBME.2011.2160347},
issn = {0018-9294},
journal = {Biomedical Engineering, IEEE Transactions on},
month = jan,
number = {1},
pages = {20--24},
title = {{Personalization of cardiac motion and contractility from images using variational data assimilation}},
volume = {59},
year = {2012}
}

@article{mojsejenko2014estimating,
  title={Estimating passive mechanical properties in a myocardial infarction using {MRI} and finite element simulations},
  author={Mojsejenko, Dimitri and McGarvey, Jeremy R and Dorsey, Shauna M and Gorman III, Joseph H and Burdick, Jason A and Pilla, James J and Gorman, Robert C and Wenk, Jonathan F},
  journal={Biomechanics and modeling in mechanobiology},
  volume={14},
  number={3},
  pages={633--647},
  year={2014},
  publisher={Springer}
}

@book{wriggers2008nonlinear,
  title={Nonlinear finite element methods},
  author={Wriggers, Peter},
  year={2008},
  publisher={Springer Science \& Business Media}
}

@article{land2015improving,
  title={Improving the stability of cardiac mechanical simulations},
  author={Land, Sander and Niederer, Steven and Lamata, Pablo and Smith, Nicolas P and others},
  journal={Biomedical Engineering, IEEE Transactions on},
  volume={62},
  number={3},
  pages={939--947},
  year={2015},
  publisher={IEEE}
}

@incollection{neumann2014robust,
  title={Robust image-based estimation of cardiac tissue parameters and their uncertainty from noisy data},
  author={Neumann, Dominik and Mansi, Tommaso and Georgescu, Bogdan and Kamen, Ali and Kayvanpour, Elham and Amr, Ali and Sedaghat-Hamedani, Farbod and Haas, Jan and Katus, Hugo and Meder, Benjamin and others},
  booktitle={Medical Image Computing and Computer-Assisted Intervention--MICCAI 2014},
  pages={9--16},
  year={2014},
  publisher={Springer}
}

@incollection{tuyisenge2015joint,
  title={Joint myocardial motion and contraction phase estimation from cine MRI using variational data assimilation},
  author={Tuyisenge, Viateur and Sarry, Laurent and Corpetti, Thomas and Innorta-Coupez, Elisabeth and Ouchchane, Lemlih and Cassagnes, Lucie},
  booktitle={Statistical Atlases and Computational Models of the Heart-Imaging and Modelling Challenges},
  pages={187--195},
  year={2015},
  publisher={Springer}
}

@article{chabiniok2012estimation,
  title={Estimation of tissue contractility from cardiac cine-{MRI} using a biomechanical heart model},
  author={Chabiniok, Radomir and Moireau, Philippe and Lesault, P-F and Rahmouni, Alain and Deux, J-F and Chapelle, Dominique},
  journal={Biomechanics and modeling in mechanobiology},
  volume={11},
  number={5},
  pages={609--630},
  year={2012},
  publisher={Springer}
}

@article{sermesant2006cardiac,
  title={Cardiac function estimation from {MRI} using a heart model and data assimilation: advances and difficulties},
  author={Sermesant, Maxime and Moireau, Philippe and Camara, Oscar and Sainte-Marie, Jacques and Andriantsimiavona, Rado and Cimrman, Robert and Hill, Derek LG and Chapelle, Dominique and Razavi, Reza},
  journal={Medical Image Analysis},
  volume={10},
  number={4},
  pages={642--656},
  year={2006},
  publisher={Elsevier}
}

@article{rossi2012orthotropic,
  title={Orthotropic active strain models for the numerical simulation of cardiac biomechanics},
  author={Rossi, Simone and Ruiz-Baier, Ricardo and Pavarino, Luca F and Quarteroni, Alfio},
  journal={International journal for numerical methods in biomedical engineering},
  volume={28},
  number={6-7},
  pages={761--788},
  year={2012},
  publisher={Wiley Online Library}
}

@article{rossi2014thermodynamically,
  title={Thermodynamically consistent orthotropic activation model capturing ventricular systolic wall thickening in cardiac electromechanics},
  author={Rossi, Simone and Lassila, Toni and Ruiz-Baier, Ricardo and Sequeira, Ad{\'e}lia and Quarteroni, Alfio},
  journal={European Journal of Mechanics-A/Solids},
  volume={48},
  pages={129--142},
  year={2014},
  publisher={Elsevier}
}

@article{berberouglu2014computational,
  title={Computational modeling of coupled cardiac electromechanics incorporating cardiac dysfunctions},
  author={Berbero{\u{g}}lu, Ezgi and Solmaz, H Onur and G{\"o}ktepe, Serdar},
  journal={European Journal of Mechanics-A/Solids},
  volume={48},
  pages={60--73},
  year={2014},
  publisher={Elsevier}
}

@article{andreianov2015solvability,
  title={Solvability analysis and numerical approximation of linearized cardiac electromechanics},
  author={Andreianov, Boris and Bendahmane, Mostafa and Quarteroni, Alfio and Ruiz-Baier, Ricardo},
  journal={Mathematical Models and Methods in Applied Sciences},
  volume={25},
  number={05},
  pages={959--993},
  year={2015},
  publisher={World Scientific}
}

@article{pezzuto2014active,
  title={Active contraction of the cardiac ventricle and distortion of the microstructural architecture},
  author={Pezzuto, S and Ambrosi, D},
  journal={International journal for numerical methods in biomedical engineering},
  volume={30},
  number={12},
  pages={1578--1596},
  year={2014},
  publisher={Wiley Online Library}
}

@article{nobile2012active,
  title={An active strain electromechanical model for cardiac tissue},
  author={Nobile, Fabio and Quarteroni, Alfio and Ruiz-Baier, Ricardo},
  journal={International journal for numerical methods in biomedical engineering},
  volume={28},
  number={1},
  pages={52--71},
  year={2012},
  publisher={Wiley Online Library}
}

@article{cherubini2008electromechanical,
  title={An electromechanical model of cardiac tissue: Constitutive issues and electrophysiological effects},
  author={Cherubini, C and Filippi, S and Nardinocchi, P and Teresi, L},
  journal={Progress in biophysics and molecular biology},
  volume={97},
  number={2},
  pages={562--573},
  year={2008},
  publisher={Elsevier}
}

@Misc{PETScPackage,
  author =    {S Balay and J Brown and K Buschelman and WD Gropp and D Kaushik and MG Knepley and L Curfman McInnes and BF Smith and H Zhang},
  title =     {{PETS}c Web page},
  year =      {2015},
  howpublished = {\url{http://www.mcs.anl.gov/petsc}},
}

@Misc{OurPackage,
  author =    {Finsberg, Henrik and Balaban, Gabriel },
  title =     {High Resolution Data Assimilation of Cardiac Mechanics},
  year =      {2016},
  howpublished = {\url{http://www.bitbucket.org/finsberg/cardiac_highres_dataassim}},
}

@article{lidemmel03,
     author = {Xiaoye S. Li and James W. Demmel},
     title = {{SuperLUDIST}: A Scalable Distributed-Memory Sparse Direct
              Solver for Unsymmetric Linear Systems},
     journal = {ACM Trans. Mathematical Software},
     month = {June},
     volume = {29},
     number = {2},
     pages = {110-140},
     year = 2003
}

@article{nardinocchi2007active,
  title={On the active response of soft living tissues},
  author={Nardinocchi, Paola and Teresi, Luciano},
  journal={Journal of Elasticity},
  volume={88},
  number={1},
  pages={27--39},
  year={2007},
  publisher={Springer}
}

@article{hadjicharalambous2015analysis,
  title={Analysis of passive cardiac constitutive laws for parameter estimation using 3{D} tagged {MRI}},
  author={Hadjicharalambous, Myrianthi and Chabiniok, Radomir and Asner, Liya and Sammut, Eva and Wong, James and Carr-White, Gerald and Lee, Jack and Razavi, Reza and Smith, Nicolas and Nordsletten, David},
  journal={Biomechanics and modeling in mechanobiology},
  volume={14},
  number={4},
  pages={807--828},
  year={2015},
  publisher={Springer}
}

@article{bols2013computational,
  title={A computational method to assess the in vivo stresses and unloaded configuration of patient-specific blood vessels},
  author={Bols, Joris and Degroote, Joris and Trachet, Bram and Verhegghe, Benedict and Segers, Patrick and Vierendeels, Jan},
  journal={Journal of Computational and Applied Mathematics},
  volume={246},
  pages={10--17},
  year={2013},
  publisher={Elsevier}
}

@article{gee2010computational,
  title={A computational strategy for prestressing patient-specific biomechanical problems under finite deformation},
  author={Gee, MW and F{\"o}rster, Ch and Wall, WA},
  journal={International Journal for Numerical Methods in Biomedical Engineering},
  volume={26},
  number={1},
  pages={52--72},
  year={2010},
  publisher={Wiley Online Library}
  }
  
@article{sun2009computationally,
  title={A computationally efficient formal optimization of regional myocardial contractility in a sheep with left ventricular aneurysm},
  author={Sun, Kay and Stander, Nielen and Jhun, Choon-Sik and Zhang, Zhihong and Suzuki, Takamaro and Wang, Guan-Ying and Saeed, Maythem and Wallace, Arthur W and Tseng, Elaine E and Baker, Anthony J and others},
  journal={Journal of biomechanical engineering},
  volume={131},
  number={11},
  pages={111001},
  year={2009},
  publisher={American Society of Mechanical Engineers}
}

@book{hansen1999curve,
  title={The L-curve and its use in the numerical treatment of inverse problems},
  author={Hansen, Per Christian},
  year={1999},
  publisher={IMM, Department of Mathematical Modelling, Technical Universityof Denmark}
}

@article{bleeker2006left,
  title={Left ventricular dyssynchrony in patients with heart failure: pathophysiology, diagnosis and treatment},
  author={Bleeker, Gabe B and Bax, Jeroen J and Steendijk, Paul and Schalij, Martin J and van der Wall, Ernst E},
  journal={Nature Clinical Practice Cardiovascular Medicine},
  volume={3},
  number={4},
  pages={213--219},
  year={2006},
  publisher={Nature Publishing Group}
}

@article{ghio2004interventricular,
  title={Interventricular and intraventricular dyssynchrony are common in heart failure patients, regardless of {QRS} duration},
  author={Ghio, Stefano and Constantin, Cristina and Klersy, Catherine and Serio, Alessandra and Fontana, Alessandra and Campana, Carlo and Tavazzi, Luigi},
  journal={European Heart Journal},
  volume={25},
  number={7},
  pages={571--578},
  year={2004},
  publisher={Eur Soc Cardiology}
}

@article{kerckhoffs2010ventricular,
  title={Ventricular dilation and electrical dyssynchrony synergistically increase regional mechanical nonuniformity but not mechanical dyssynchrony a computational model},
  author={Kerckhoffs, Roy CP and Omens, Jeffrey H and McCulloch, Andrew D and Mulligan, Lawrence J},
  journal={Circulation: Heart Failure},
  volume={3},
  number={4},
  pages={528--536},
  year={2010},
  publisher={Am Heart Assoc}
}

@article{leenders2012septal,
  title={Septal Deformation Patterns Delineate Mechanical Dyssynchrony and Regional Differences in Contractility Analysis of Patient Data Using a Computer Model},
  author={Leenders, Geert E and Lumens, Joost and Cramer, Maarten J and De Boeck, Bart WL and Doevendans, Pieter A and Delhaas, Tammo and Prinzen, Frits W},
  journal={Circulation: Heart Failure},
  volume={5},
  number={1},
  pages={87--96},
  year={2012},
  publisher={Am Heart Assoc}
}

@article{sermesant2012patient,
  title={Patient-specific electromechanical models of the heart for the prediction of pacing acute effects in {CRT}: A preliminary clinical validation},
  author={Sermesant, Maxime and Chabiniok, Radomir and Chinchapatnam, Phani and Mansi, Tommaso and Billet, Florence and Moireau, Philippe and Peyrat, Jean-Marc and Wong, K and Relan, Jatin and Rhode, Kawal and others},
  journal={Medical image analysis},
  volume={16},
  number={1},
  pages={201--215},
  year={2012},
  publisher={Elsevier}
}

@article{niederer2012analyses,
  title={Analyses of the redistribution of work following 
         cardiac resynchronisation therapy in a patient specific model},
  author={Niederer, Steven Alexander and Lamata,
	  Pablo and Plank, Gernot and Chinchapatnam,
	  Phani and Ginks, Matt and Rhode, Kawal and Rinaldi,
	  Christopher Aldo and Razavi, Reza and Smith, Nicolas Peter},
  journal={PloS one},
  volume={7},
  number={8},
  pages={e43504},
  year={2012},
  publisher={Public Library of Science}
}{Data A

@article{kass2003predicting,
  title={Predicting cardiac resynchronization response by {QRS} duration: the long and short of it},
  author={Kass, David A},
  journal={Journal of the American College of Cardiology},
  volume={42},
  number={12},
  pages={2125--2127},
  year={2003},
  publisher={Am Coll Cardio Found}
}

@article{jaffe2014cardiac,
  title={Cardiac resynchronization therapy: history, present status, and future directions},
  author={Jaffe, Leeor M and Morin, Daniel P},
  journal={The Ochsner Journal},
  volume={14},
  number={4},
  pages={596--607},
  year={2014},
  publisher={the Academic Division of Ochsner Clinic Foundation}
}

@article{marechaux2014relationship,
  title={Relationship between two-dimensional speckle-tracking septal strain and response to cardiac resynchronization therapy in patients with left ventricular dysfunction and left bundle branch block: a prospective pilot study},
  author={Mar{\'e}chaux, Sylvestre and Guiot, Aur{\'e}lie and Castel, Anne Laure and Guyomar, Yves and Semichon, Marc and Delelis, Fran{\c{c}}ois and Heuls, Sebastien and Ennezat, Pierre-Vladimir and Graux, Pierre and Tribouilloy, Christophe},
  journal={Journal of the American Society of Echocardiography},
  volume={27},
  number={5},
  pages={501--511},
  year={2014},
  publisher={Elsevier}
}

@article{curry2000mechanical,
  title={Mechanical dyssynchrony in dilated cardiomyopathy with intraventricular conduction delay as depicted by 3{D} tagged magnetic resonance imaging},
  author={Curry, Cecilia W and Nelson, Gregory S and Wyman, Bradley T and Declerck, Jerome and Talbot, Maurice and Berger, Ronald D and McVeigh, Elliot R and Kass, David A},
  journal={Circulation},
  volume={101},
  number={1},
  pages={e2--e2},
  year={2000},
  publisher={Am Heart Assoc}
}

@article{prinzen1999mapping,
  title={Mapping of regional myocardial strain and work during ventricular pacing: experimental study using magnetic resonance imaging tagging},
  author={Prinzen, Frits W and Hunter, William C and Wyman, Bradley T and McVeigh, Elliot R},
  journal={Journal of the American College of Cardiology},
  volume={33},
  number={6},
  pages={1735--1742},
  year={1999},
  publisher={Am Coll Cardio Found}
}

@article{yu2002tissue,
  title={Tissue Doppler echocardiographic evidence of reverse remodeling and improved synchronicity by simultaneously delaying regional contraction after biventricular pacing therapy in heart failure},
  author={Yu, Cheuk-Man and Chau, Elaine and Sanderson, John E and Fan, Katherine and Tang, Man-Oi and Fung, Wing-Hong and Lin, Hong and Kong, Shun-Ling and Lam, Yui-Ming and Hill, Michael RS and others},
  journal={Circulation},
  volume={105},
  number={4},
  pages={438--445},
  year={2002},
  publisher={Am Heart Assoc}
}

@article{yu2004tissue,
  title={Tissue Doppler imaging is superior to strain rate imaging and postsystolic shortening on the prediction of reverse remodeling in both ischemic and nonischemic heart failure after cardiac resynchronization therapy},
  author={Yu, Cheuk-Man and Fung, Jeffrey Wing-Hong and Zhang, Qing and Chan, Chi-Kin and Chan, Yat-Sun and Lin, Hong and Kum, Leo CC and Kong, Shun-Ling and Zhang, Yan and Sanderson, John E},
  journal={Circulation},
  volume={110},
  number={1},
  pages={66--73},
  year={2004},
  publisher={Am Heart Assoc}
}

@article{bax2003left,
  title={Left ventricular dyssynchrony predicts benefit of cardiac resynchronization therapy in patients with end-stage heart failure before pacemaker implantation},
  author={Bax, Jeroen J and Marwick, Thomas H and Molhoek, Sander G and Bleeker, Gabe B and Van Erven, Lieselot and Boersma, Eric and Steendijk, Paul and van der Wall, Ernst E and Schalij, Martin J},
  journal={The American journal of cardiology},
  volume={92},
  number={10},
  pages={1238--1240},
  year={2003},
  publisher={Elsevier}
}

@article{breithardt2002echocardiographic,
  title={Echocardiographic quantification of left ventricular asynchrony predicts an acute hemodynamic benefit of cardiac resynchronization therapy},
  author={Breithardt, Ole A and Stellbrink, Christoph and Kramer, Andrew P and Sinha, Anil M and Franke, Andreas and Salo, Rodney and Schiffgens, Bernhard and Huvelle, Etienne and Auricchio, Angelo},
  journal={Journal of the American College of Cardiology},
  volume={40},
  number={3},
  pages={536--545},
  year={2002},
  publisher={Am Coll Cardio Found}
}

@article{pitzalis2005ventricular,
  title={Ventricular asynchrony predicts a better outcome in patients with chronic heart failure receiving cardiac resynchronization therapy},
  author={Pitzalis, Maria Vittoria and Iacoviello, Massimo and Romito, Roberta and Guida, Pietro and De Tommasi, Elisabetta and Luzzi, Giovanni and Anaclerio, Matteo and Forleo, Cinzia and Rizzon, Paolo},
  journal={Journal of the American College of Cardiology},
  volume={45},
  number={1},
  pages={65--69},
  year={2005},
  publisher={Am Coll Cardio Found}
}

@article{schreuder2000acute,
  title={Acute and short-term effects of partial left ventriculectomy in dilated cardiomyopathy: assessment by pressure-volume loops},
  author={Schreuder, Jan J and Steendijk, Paul and van der Veen, Frederik H and Alfieri, Ottavio and van der Nagel, Theo and Lorusso, Roberto and van Dantzig, Jan-Melle and Prenger, Kees B and Baan, Jan and Wellens, Hein JJ and others},
  journal={Journal of the American College of Cardiology},
  volume={36},
  number={7},
  pages={2104--2114},
  year={2000},
  publisher={Am Coll Cardio Found}
}

@article{mojsejenko2015estimating,
  title={Estimating passive mechanical properties in a myocardial infarction using MRI and finite element simulations},
  author={Mojsejenko, Dimitri and McGarvey, Jeremy R and Dorsey, Shauna M and Gorman III, Joseph H and Burdick, Jason A and Pilla, James J and Gorman, Robert C and Wenk, Jonathan F},
  journal={Biomechanics and modeling in mechanobiology},
  volume={14},
  number={3},
  pages={633--647},
  year={2015},
  publisher={Springer}
}


@incollection{xi2011automatic,
  title={An automatic data assimilation framework for patient-specific myocardial mechanical parameter estimation},
  author={Xi, Jiahe and Lamata, Pablo and Shi, Wenzhe and Niederer, Steven and Land, Sander and Rueckert, Daniel and Duckett, Simon G and Shetty, Anoop K and Rinaldi, C Aldo and Razavi, Reza and others},
  booktitle={Functional imaging and modeling of the heart},
  pages={392--400},
  year={2011},
  publisher={Springer}
}

@incollection{imperiale2013improving,
  title={Improving efficiency of data assimilation procedure for a biomechanical heart model by representing surfaces as currents},
  author={Imperiale, Alexandre and Routier, Alexandre and Durrleman, Stanley and Moireau, Philippe},
  booktitle={Functional Imaging and Modeling of the Heart},
  pages={342--351},
  year={2013},
  publisher={Springer}
}

@article{wong2015velocity,
  title={Velocity-based cardiac contractility personalization from images using derivative-free optimization},
  author={Wong, Ken CL and Sermesant, Maxime and Rhode, Kawal and Ginks, Matthew and Rinaldi, C Aldo and Razavi, Reza and Delingette, Herv{\'e} and Ayache, Nicholas},
  journal={Journal of the mechanical behavior of biomedical materials},
  volume={43},
  pages={35--52},
  year={2015},
  publisher={Elsevier}
}


@article{Wang2009,
author = {Wang, Vicky Y and Lam, H I and Ennis, Daniel B and Cowan, Brett R and Young, Alistair a and Nash, Martyn P},
doi = {10.1016/j.media.2009.07.006},
issn = {1361-8423},
journal = {Medical image analysis},
month = oct,
number = {5},
pages = {773--84},
pmid = {19664952},
publisher = {Elsevier B.V.},
title = {{Modelling passive diastolic mechanics with quantitative {MRI} of cardiac structure and function.}},
url = {http://www.ncbi.nlm.nih.gov/pubmed/19664952},
volume = {13},
year = {2009}
}


@article{augenstein2005method,
  title={Method and apparatus for soft tissue material parameter estimation using tissue tagged magnetic resonance imaging},
  author={Augenstein, Kevin F and Cowan, Brett R and LeGrice, Ian J and Nielsen, Poul MF and Young, Alistair A},
  journal={Journal of biomechanical engineering},
  volume={127},
  number={1},
  pages={148--157},
  year={2005},
  publisher={American Society of Mechanical Engineers}
}

@article{xi2011myocardial,
  title={Myocardial transversely isotropic material parameter estimation from in-silico measurements based on a reduced-order unscented {K}alman filter},
  author={Xi, Jiahe and Lamata, Pablo and Lee, Jack and Moireau, Philippe and Chapelle, Dominique and Smith, Nic},
  journal={Journal of the mechanical behavior of biomedical materials},
  volume={4},
  number={7},
  pages={1090--1102},
  year={2011},
  publisher={Elsevier}
}

@incollection{marchesseau2012cardiac,
  title={Cardiac mechanical parameter calibration based on the unscented transform},
  author={Marchesseau, St{\'e}phanie and Delingette, Herv{\'e} and Sermesant, Maxime and Rhode, Kawal and Duckett, Simon G and Rinaldi, C Aldo and Razavi, Reza and Ayache, Nicholas},
  booktitle={Medical Image Computing and Computer-Assisted Intervention--MICCAI 2012},
  pages={41--48},
  year={2012},
  publisher={Springer}
}

@article{kerckhoffs2003homogeneity,
  title={Homogeneity of cardiac contraction despite physiological asynchrony of depolarization: a model study},
  author={Kerckhoffs, RCP and Bovendeerd, PHM and Kotte, JCS and Prinzen, FW and Smits, K and Arts, T},
  journal={Annals of biomedical engineering},
  volume={31},
  number={5},
  pages={536--547},
  year={2003},
  publisher={Springer}
}

@article{gao2015parameter,
  title={Parameter estimation in a {H}olzapfel--{O}gden law for healthy myocardium},
  author={Gao, H and Li, WG and Cai, L and Berry, C and Luo, XY},
  journal={Journal of engineering mathematics},
  volume=95,
  number=1,
  pages={231--248},
  year=2015,
  publisher={Springer}
}

@article{Marchesseau2013,
author = {Marchesseau, S and Delingette, H and Sermesant, M and Sorine, M and Rhode, K and Duckett, S G and Rinaldi, C a and Razavi, R and Ayache, N},
doi = {10.1016/j.jmbbm.2012.11.021},
issn = {1878-0180},
journal = {Journal of the mechanical behavior of biomedical materials},
month = {May},
pages = {259--71},
pmid = {23499249},
title = {{Preliminary specificity study of the Bestel-Cl\'{e}ment-Sorine electromechanical model of the heart using parameter calibration from medical images.}},
url = {http://www.ncbi.nlm.nih.gov/pubmed/23499249},
volume = {20},
year = {2013}
}

@misc{ImpactStudy2016,
        author = {Oslo University Hospital},
        title = {Acute Feedback on Left ventrIcular Lead Implantation Location for Cardiac Resynchronization Therapy ({CCI} impact)},
        year = 2016,
        howpublished = {\url{https://clinicaltrials.gov}},   
}


@article{evangelista2011torsion,
  title={Torsion of the human left ventricle: experimental analysis and computational modeling},
  author={Evangelista, A and Nardinocchi, P and Puddu, PE and Teresi, L and Torromeo, C and Varano, V},
  journal={Progress in biophysics and molecular biology},
  volume={107},
  number={1},
  pages={112--121},
  year={2011},
  publisher={Elsevier}
}


@article{kass2004mechanisms,
  title={What mechanisms underlie diastolic dysfunction in heart failure?},
  author={Kass, David A and Bronzwaer, Jean GF and Paulus, Walter J},
  journal={Circulation research},
  volume={94},
  number={12},
  pages={1533--1542},
  year={2004},
  publisher={Am Heart Assoc}
}


@article{papademetris2002estimation,
  title={Estimation of 3-D left ventricular deformation from medical images using biomechanical models},
  author={Papademetris, Xenophon and Sinusas, Albert J and Dione, Donald P and Constable, R Todd and Duncan, James S},
  journal={IEEE transactions on medical imaging},
  volume={21},
  number={7},
  pages={786--800},
  year={2002},
  publisher={IEEE}
}

@article{tuyisenge2016estimation,
  title={Estimation of Myocardial Strain and Contraction Phase From Cine MRI Using Variational Data Assimilation},
  author={Tuyisenge, Viateur and Sarry, Laurent and Corpetti, Thomas and Innorta-Coupez, Elisabeth and Ouchchane, Lemlih and Cassagnes, Lucie},
  journal={IEEE transactions on medical imaging},
  volume={35},
  number={2},
  pages={442--455},
  year={2016},
  publisher={IEEE}
}

@article{tsai2003global,
  title={Global-local optimization for parameter structure identification in three-dimensional groundwater modeling},
  author={Tsai, Frank T-C and Sun, Ne-Zheng and Yeh, William W-G},
  journal={Water Resources Research},
  volume={39},
  number={2},
  year={2003},
  publisher={Wiley Online Library}
}

@book{gunzburger2003perspectives,
  title={Perspectives in flow control and optimization},
  author={Gunzburger, Max D},
  volume={5},
  year={2003},
  publisher={Siam}
}

@article{asner2015estimation,
  title={Estimation of passive and active properties in the human heart using 3D tagged MRI},
  author={Asner, Liya and Hadjicharalambous, Myrianthi and Chabiniok, Radomir and Peresutti, Devis and Sammut, Eva and Wong, James and Carr-White, Gerald and Chowienczyk, Philip and Lee, Jack and King, Andrew and others},
  journal={Biomechanics and modeling in mechanobiology},
  pages={1--19},
  year={2015},
  publisher={Springer}
}

@article{nordbo2014computational,
  title={A computational pipeline for quantification of mouse myocardial stiffness parameters},
  author={Nordb{\o}, {\O}yvind and Lamata, Pablo and Land, Sander and Niederer, Steven and Aronsen, Jan M and Louch, William E and Sjaastad, Ivar and Martens, Harald and Gjuvsland, Arne B and T{\o}ndel, Kristin and others},
  journal={Computers in biology and medicine},
  volume={53},
  pages={65--75},
  year={2014},
  publisher={Elsevier}
}
